2932 5040
638 271 820 320 Prooemium.
902 248 904 256 ·
1271 290 1319 335 vn

133 478 219 540 tione
242 496 301 557 per
324 497 358 538 se
381 496 493 557 parum
516 477 588 538 utili
612 477 720 538 oculos
743 476 917 557 legentium
941 477 1113 540 offendere.
1162 481 1196 539 ln
1218 479 1320 542 titulis

135 597 366 665 recentioribus
388 596 584 676 ubicumque
607 595 740 676 spiritus
762 615 857 676 asper
877 599 1101 677 pronuntiatus
1117 618 1187 661 esse
1203 607 1321 680 putan-

134 717 195 779 dus
224 725 307 797 erat,
345 717 472 797 signum
502 717 571 779 eius
598 717 702 797 posui.
750 717 1000 779 Geminationem
1029 737 1237 781 consonarum
1264 720 1320 781 ubi

133 837 369 917 pronuntiatam
393 855 462 898 esse
484 836 647 918 putabam,
673 837 734 899 etsi
755 855 819 897 non
836 836 952 918 scripta
968 845 1045 916 erat,
1072 839 1115 899 ita
1130 838 1318 921 significavi,

134 966 170 1019 ut
198 959 328 1019 alteram
361 975 528 1018 consonam
560 958 650 1019 uncis
672 957 818 1019 rotundis
847 956 1003 1019 Inclusam
1033 958 1198 1038 adderem,
1232 979 1261 1022 e.
1287 980 1317 1042 g.

133 1071 209 1156 ndlr)
232 1069 350 1139 ταύτόν.
398 1077 533 1137 Omnino
556 1077 649 1139 uncis
671 1077 816 1140 rotundis
839 1096 918 1139 usus
941 1097 1022 1157 sum,
1049 1079 1105 1139 ubi
1128 1079 1239 1142 literae
1263 1078 1321 1141 ad-

135 1196 257 1259 dendac
281 1205 380 1275 erant,
408 1216 490 1276 quae
513 1216 577 1258 non
600 1197 633 1258 in
656 1197 814 1277 loquendo
837 1198 896 1260 sed
917 1197 950 1258 in
975 1198 1143 1261 scribendo
1167 1208 1221 1260 aut
1244 1211 1321 1261 con-

135 1318 218 1379 sulto
241 1324 296 1379 aut
318 1335 377 1397 per
398 1317 631 1398 neglegentiam
655 1319 788 1380 omissae
812 1337 882 1380 esse
902 1316 1097 1397 viderentur,
1125 1320 1217 1380 uncis
1240 1339 1322 1399 qua-

134 1436 234 1499 dratis
261 1436 322 1518 il,
355 1436 412 1498 ubi
434 1437 562 1516 literae,
596 1456 676 1517 quas
707 1438 782 1498 olim
805 1439 838 1499 in
865 1437 970 1517 lapide
994 1439 1128 1519 scriptas
1151 1439 1320 1501 evanuisse
1398 1489 1404 1498 .

134 1564 290 1636 putarem.
345 1558 378 1618 Si
409 1577 472 1637 qua
501 1558 591 1618 litera
623 1576 685 1618 non
712 1576 845 1637 prorsus
875 1568 1049 1620 evanuerat
1075 1558 1133 1621 sed
1154 1578 1229 1639 pars
1251 1560 1321 1620 eius

135 1677 260 1757 reliqua
283 1685 360 1755 erat,
388 1696 428 1737 ex
451 1697 513 1757 qua
537 1677 630 1738 lacile
653 1677 781 1758 agnosci
804 1687 921 1758 posset,
949 1698 1017 1740 eam
1042 1678 1195 1741 debiliore
1218 1680 1322 1759 scrip-

135 1806 205 1857 tura
232 1794 273 1878 (α,
295 1796 323 1881 β,
342 1795 370 1879 γ)
397 1796 585 1877 significavi.
607 1797 744 1860 ‘Eadem
769 1798 925 1878 scriptura
948 1818 1028 1862 usus
1051 1818 1133 1881 sum,
1160 1798 1187 1861 si
1210 1799 1320 1861 literae

135 1935 153 1976 a
175 1917 337 1996 prioribus
361 1917 536 1979 editoribus
552 1925 607 1979 aut
629 1937 647 1978 a
670 1937 720 1978 me
744 1927 901 1981 correctae
925 1927 1025 1999 erant,
1052 1939 1134 2000 quae
1157 1920 1190 1980 in
1213 1919 1320 2000 lapide

135 2038 217 2097 male
240 2035 376 2117 scriptae
399 2046 454 2099 aut
476 2037 557 2098 male
581 2037 680 2100 lectae
704 2057 775 2100 esse
798 2037 996 2100 viderentur.
1040 2039 1100 2101 Ubi
1123 2040 1232 2101 literas
1255 2047 1321 2101 tra-

136 2155 216 2218 ditas
239 2155 430 2235 deleveram,
458 2157 644 2218 asteriscum
666 2172 683 2206 t
705 2157 809 2237 posui.

220 2276 256 2334 In
279 2274 404 2336 duabus
428 2274 572 2337 dialectis
594 2284 745 2338 accentus
767 2277 846 2338 ratio
869 2297 887 2338 a
910 2278 1030 2358 volgari
1054 2277 1240 2358 discrepans
1263 2277 1322 2340 ad-

134 2393 273 2457 hibenda
307 2394 378 2456 luit.
437 2395 475 2455 Et
515 2396 610 2456 Dores
644 2394 775 2474 quidem
809 2397 921 2476 quales
958 2407 1106 2459 accentus
1138 2398 1317 2478 posuerint,

135 2534 329 2596 quamquam
352 2533 370 2575 a
392 2515 556 2577 veteribus
579 2516 792 2595 grammaticis
813 2515 965 2579 traditum
994 2526 1058 2597 est,
1090 2525 1207 2598 tamen,
1238 2537 1320 2598 quae

135 2635 176 2697 ab
198 2636 245 2697 eis
269 2635 412 2714 exposita
436 2643 527 2716 sunt,
558 2654 664 2715 neque
694 2635 778 2697 inter
806 2655 841 2698 se
864 2656 996 2716 prorsus
1023 2638 1194 2700 concinunt
1215 2657 1321 2718 neque

136 2773 261 2816 omnem
289 2755 376 2816 illam
405 2753 560 2816 rationem
589 2755 718 2836 explere
747 2755 909 2818 videntur.
962 2759 1073 2838 Itaque
1103 2755 1201 2820 variis
1227 2776 1322 2837 prae-

136 2876 238 2956 ceptis
267 2875 541 2956 grammaticorum
568 2895 631 2936 non
660 2884 828 2938 contentus
858 2895 1057 2939 communem
1087 2878 1205 2959 legem,
1239 2897 1320 2958 quae

135 2995 283 3057 omnibus
307 2993 464 3073 subesset,
497 2994 648 3076 indagare
672 2997 795 3058 studuit
816 2993 947 3076 Annuus,
973 2997 1054 3059 Dial.
1079 2999 1106 3057 ll
1128 3018 1161 3078 p.
1189 2998 1228 3059 26
1245 3016 1318 3077 sqq.

137 3117 223 3187 Quae
245 3115 299 3176 lex
321 3134 358 3176 ca
381 3113 481 3176 luisse
505 3113 643 3193 videtur,
670 3122 706 3175 ut
726 3116 824 3177 Dores
847 3115 986 3196 syllabas
1009 3116 1121 3179 finales
1144 3118 1321 3198 antiquitus

128 3236 257 3316 longas,
290 3254 373 3315 quae
396 3233 429 3294 in
452 3234 574 3314 volgari
597 3253 742 3296 sermone
766 3236 883 3297 Graeco
905 3236 1060 3315 paulatim
1082 3236 1198 3298 breves
1220 3236 1320 3298 factae

88 3345 89 3348 '
137 3363 259 3433 essent,
294 3353 356 3434 ipsi
386 3354 495 3435 longas
525 3353 692 3415 aestimare
714 3364 968 3434 perseverarent.
1015 3357 1124 3436 ltaque
1146 3378 1199 3417 -cn
1221 3364 1252 3417 et
1273 3379 1322 3418 -οι

137 3473 376 3535 terminationes
399 3481 431 3534 et
453 3473 485 3532 in
509 3473 679 3535 verborum
702 3482 733 3535 et
756 3475 788 3534 in
811 3475 974 3536 nominum
999 3475 1221 3554 declinatione,
1251 3496 1316 3554 -αν,

135 3615 196 3674 -ev,
222 3615 272 3655 -ov
295 3593 534 3655 terminationes
557 3594 588 3654 3.
604 3595 704 3675 plun,
729 3616 794 3672 -ας,
822 3616 872 3664 -ες
895 3595 928 3654 in
950 3613 1013 3656 acc.
1037 3595 1121 3673 plur.
1142 3595 1193 3655 ΙΙΙ.
1220 3592 1321 3656 decli-

135 3712 273 3776 nationis
301 3714 466 3774 nominum
499 3714 586 3794 apud
615 3715 713 3776 Dores
744 3712 971 3794 impedimento
1004 3722 1111 3792 erant,
1149 3713 1320 3794 quominus

136 3835 169 3893 in
193 3833 314 3913 syllaba
341 3833 538 3913 paenultima
565 3833 789 3895 circumflexus
818 3841 873 3894 aut
896 3833 929 3894 in
951 3834 1222 3914 antepaenultima
1244 3853 1321 3895 acu-

135 3962 188 4015 tus
210 3960 392 4032 poneretur.
439 3955 526 4014 Hanc
548 3953 661 4033 legem,
695 3972 888 4033 quamquam
918 3973 958 4015 ne
981 3954 1050 4034 ipsa
1073 3953 1203 4033 quidem
1226 3952 1320 4015 abso-

135 4073 202 4134 luta
225 4081 258 4134 et
279 4072 419 4153 perlecta
443 4081 491 4135 est
505 4072 540 4156 1),
566 4081 695 4135 secutus
718 4092 789 4135 sum
810 4073 844 4134 in
859 4073 1072 4134 monumentis
1088 4070 1214 4133 Doridis
1237 4091 1320 4151 quae

223 4279 248 4341 t)
268 4278 394 4328 Doricam
418 4281 547 4329 accentus
571 4279 703 4328 rationem
729 4279 885 4344 nuperrime
902 4279 1055 4329 retractavit
1072 4279 1103 4330 R.
1124 4278 1248 4340 Mulsum,
1268 4277 1320 4327 Be-

137 4364 305 4427 merkungen
324 4377 373 4414 zur
391 4364 536 4415 dorischen
555 4364 760 4424 Accentuetiou,
787 4366 894 4432 Leipzig
912 4369 988 4427 4883,
1010 4366 1114 4427 Progn,
1134 4377 1160 4429 p.
1183 4368 1262 4424 t-8;
1290 4364 1317 4412 in

137 4462 191 4514 quo
216 4446 313 4500 vereor
337 4463 370 4499 ne
396 4451 518 4512 argutius
542 4463 625 4514 quam
649 4448 755 4500 felicius
779 4451 873 4514 egerit.
916 4450 987 4501 Nam
1012 4463 1075 4500 cum
1093 4448 1223 4515 dispersis
1241 4462 1320 4514 prae-
