2932 5040
216 321 279 384 274
566 316 739 368 Honumenta
754 311 864 365 dialecti
880 308 1039 362 mehe-e
1308 309 1364 374 [ttt
1373 334 1400 347 -

216 548 299 610 quae
328 525 529 588 inscribitur:
568 519 789 584 Additamento
819 516 860 581 ad
886 516 1062 579 dialectum
1093 527 1131 579 et
1163 517 1355 580 lesbiorum
1378 526 1403 578 et

216 630 435 692 Thessalorum
457 623 717 708 eognoseendam,
741 621 879 685 Berolini
903 620 996 681 l8'lt.
1043 621 1093 681 Ite
1114 621 1247 699 rebus,
1273 620 1316 683 ad
1336 639 1406 701 quas

217 742 339 814 spectat
360 731 523 794 decretum
545 728 737 805 Eresiorum,
762 726 828 807 egit
848 726 985 802 Wrrmr,
1010 725 1060 786 De
1082 725 1240 786 oratione
1263 743 1348 806 quae
1366 732 1408 784 est

218 838 301 898 inter
322 832 578 896 Demosthenieas
600 829 721 892 decima
743 827 887 909 septima,
911 829 1017 908 Progr.
1036 828 1176 908 Lipsiae
1194 829 1297 890 4882.
1314 824 1409 887 —Ad

219 937 453 1000 emendandum
469 935 637 996 maximam
658 931 877 994 difficultatem
898 931 995 992 habet
1014 929 1248 1011 fragmentum
1263 932 1305 1007 B,
1328 931 1411 992 euius

218 1042 282 1104 duo
297 1039 477 1121 apographa
499 1039 543 1099 ita
557 1036 641 1098 iuter
663 1055 698 1097 se
719 1033 912 1114 discrepant,
936 1041 973 1094 ut
986 1033 1062 1096 aliis
1076 1034 1165 1096 loeis
1181 1034 1332 1116 Kiepert,
1348 1033 1411 1095 34443

220 1145 321 1206 Conze
348 1143 391 1224 (p.
406 1142 457 1223 29)
483 1141 576 1221 plura
598 1138 765 1220 agnovisse
787 1146 820 1199 et
839 1137 1026 1198 oorreetiora
1049 1136 1282 1218 desoripsisse
1302 1146 1412 1218 putan-

221 1247 282 1310 dus
305 1247 358 1308 344.

306 1348 451 1427 Philippo
473 1347 507 1407 in
528 1343 707 1408 Haeedonia
734 1351 886 1424 regnante
907 1342 998 1404 Eresi
1024 1343 1166 1422 tyranni
1188 1362 1308 1406 rerum
1329 1341 1412 1424 potiti

222 1461 308 1530 sunt,
334 1469 470 1531 quorum
493 1450 620 1510 nomina
643 1455 925 1508 commemorantur
946 1447 1103 1524 Hermon,
1131 1447 1300 1526 Heraens,
1324 1445 1413 1527 Apol-

223 1555 352 1618 lodorus
379 1551 416 1633 (D
433 1552 472 1611 49
489 1570 539 1632 sq.
563 1550 605 1612 ei.
622 1547 648 1610 A
664 1551 704 1610 36
721 1549 798 1631 sq.),
830 1568 909 1629 quos
935 1557 1001 1610 tres
1027 1548 1151 1611 iratres
1180 1550 1291 1613 luisse
1312 1549 1414 1611 1143344-

223 1658 309 1719 hoifii
336 1654 516 1717 eouieotura
545 1673 625 1715 usus
651 1653 799 1733 exposuit
824 1653 966 1732 Droysen
993 1650 1018 1711 1.
1035 1649 1060 1713 Ι.
1084 1650 1166 1715 372.
1223 1655 1293 1715 Eos
1321 1652 1413 1714 Hresii

223 1759 366 1839 Philippo
391 1757 563 1820 adiuvante
585 1756 794 1836 expulerunt,
820 1754 860 1817 de
882 1773 946 1835 qua
967 1772 1003 1815 re
1023 1754 1202 1816 deeretum
1225 1756 1269 1839 (D
1290 1757 1333 1818 33
1355 1757 1409 1837 sq.)

225 1863 343 1925 laetum
374 1869 407 1922 et
434 1879 488 1922 ara
509 1860 577 1920 Jovi
600 1857 757 1938 Philippio
784 1854 819 1937 (A
835 1859 853 1917 4
870 1856 933 1938 eq.)
955 1865 1062 1920 ereeta
1082 1867 1149 1920 334.
1200 1860 1319 1923 Postea
1339 1858 1414 1940 Ago·

199 1967 344 2046 ¹nippus
373 1973 404 2024 et
425 1961 612 2042 Eurysilaus
639 1979 703 2022 una
731 1959 768 2040 (1)
784 1960 834 2023 ⁴2.
854 1959 904 2039 45)
936 1960 1109 2040 imperium
1140 1960 1362 2025 obtinuerunt
1387 1971 1414 2022 et

225 2069 351 2129 Eresios
380 2074 550 2146 coegerunt
575 2062 753 2144 pactionem
775 2082 883 2124 seeum
904 2063 986 2124 inire
1012 2054 1163 2144 (πάλλαν
1185 2061 1261 2149 περὶ
1283 2066 1346 2128 τῶν
1364 2087 1413 2128 το-

228 2165 339 2256 ρᾶννων
361 2166 443 2231 424
460 2167 539 2248 33).
584 2169 652 2229 Jam
676 2185 748 2227 eum
770 2164 915 2245 Philippo
936 2173 1059 2226 mortno
1074 2165 1274 2229 Alexander
1295 2169 1331 2229 43
1349 2166 1413 2229 Asia

226 2274 346 2335 beilum
369 2279 510 2352 gereret,
535 2269 662 2350 tyranni
683 2270 794 2330 Persas
819 2266 971 2330 adiuvare
992 2278 1194 2348 eoeperunt,
1219 2271 1413 2352 praesidium

227 2376 268 2437 ab
289 2374 469 2436 Alexandro
491 2372 582 2434 Eresi
609 2373 796 2434 eollooatum
818 2369 1013 2432 obsederunt
1038 2366 1075 2450 (A
1092 2371 1106 2430 4
1113 2370 1140 2451 ),
1174 2371 1271 2436 cives
1294 2392 1414 2456 quoquo

229 2478 321 2540 modo
344 2484 552 2539 vexaverunt.
592 2475 656 2538 Sed
677 2473 718 2536 ab
740 2474 915 2555 Hegelooho
936 2472 1145 2535 llaoedonum
1169 2474 1259 2538 duee
1283 2475 1414 2558 superati

230 2591 261 2643 et
284 2580 368 2660 eapti
384 2591 415 2641 et
428 2578 651 2642 Alexandriam
666 2576 707 2639 ad
721 2596 829 2658 regem
844 2575 975 2639 abducti
990 2584 1067 2638 sunt
1086 2574 1124 2658 (A
1142 2578 1206 2656 44;
1232 2579 1278 2642 ei.
1296 2579 1412 2642 Arriau.

231 2685 281 2763 111,
301 2685 330 2761 3,
350 2683 381 2744 6.
400 2682 446 2763 7).
491 2684 558 2744 Rex
579 2679 721 2761 captivos
742 2682 876 2742 Hresum
898 2678 997 2757 misit,
1023 2687 1060 2740 34
1081 2680 1176 2742 oives
1200 2681 1244 2744 de
1268 2683 1319 2745 eis
1340 2682 1415 2744 iudi-

231 2787 315 2846 oium
346 2785 473 2846 terrent.
519 2786 661 2865 Uterque
689 2782 803 2862 eapitis
831 2782 998 2845 damnatus
1020 2790 1081 2844 est.
1129 2785 1250 2847 Postea
1272 2795 1416 2867 tyranno

232 2909 303 2949 rum
325 2888 461 2968 Philippi
484 2896 584 2948 aetate
607 2885 812 2966 expulsorum
835 2885 969 2965 posteri,
1004 2883 1160 2947 Heroides
1184 2888 1307 2951 Hernei
1328 2905 1414 2969 nepos

234 3001 265 3053 et
286 2990 491 3071 Agesimenes
513 2989 704 3051 Hermesilae
726 2989 812 3050 filius
833 2988 1000 3049 Hermonis
1020 3006 1124 3068 nepos
1142 2984 1184 3069 (A
1201 2991 1245 3051 36
1263 2991 1345 3073 33),
1366 3007 1415 3071 per

233 3094 447 3156 Alexandrum
470 3093 510 3155 ab
525 3093 646 3154 Eresiis
667 3092 838 3171 impetrare
861 3089 1063 3169 studuerunt,
1088 3098 1127 3152 ut
1148 3091 1187 3152 in
1210 3095 1355 3173 patriam
1372 3111 1417 3153 re-

235 3197 354 3275 dirent,
381 3195 437 3258 sed
459 3195 553 3257 venia
574 3195 622 3257 eis
644 3216 662 3256 3
684 3194 802 3274 populo
817 3214 880 3255 non
896 3193 968 3256 data
983 3201 1033 3255 est
1053 3191 1091 3273 (1)
1107 3191 1148 3255 27
1167 3194 1248 3276 sq.).
1287 3195 1416 3259 Alexan·

236 3301 293 3362 dro
307 3318 382 3361 vero
405 3306 527 3359 mortuo
546 3298 711 3378 Philippus
731 3295 954 3378 (Arrhidaeus),
979 3296 1037 3376 qui
1058 3296 1090 3357 ei
1112 3308 1334 3381 suooesserat,
1358 3306 1415 3362 aeta

237 3403 307 3464 3433
335 3401 375 3463 (43
403 3401 547 3481 tyrannis
569 3401 750 3462 Hresiorum
778 3418 951 3479 eorumque
980 3398 1117 3478 posteris
1139 3408 1214 3461 rata
1237 3421 1314 3464 esse
1334 3400 1418 3464 iussit

238 3505 273 3585 (0
287 3504 440 3584 34-38).
485 3505 594 3583 Neque
615 3501 793 3582 Antigonus
814 3503 989 3580 Unooulus,
1014 3501 1071 3581 qui
1093 3520 1144 3564 aa.
1163 3503 1347 3566 3446-304
1373 3522 1418 3564 re-

238 3608 355 3689 gnavit,
382 3606 520 3686 epistula
541 3604 581 3667 ad
602 3604 728 3668 Eresios
750 3604 824 3667 data
850 3606 886 3686 (G
899 3605 1022 3665 36-44
1037 3604 1067 3685 3)
1094 3604 1229 3668 effieere
1250 3608 1369 3688 potuit,
1389 3613 1419 3666 ut

239 3711 292 3773 lex
315 3711 353 3774 de
377 3709 473 3771 exilio
494 3717 699 3789 tyrannorum
715 3717 747 3769 34
760 3716 956 3787 posterorum
971 3725 1080 3768 eorum
1101 3717 1309 3786 mutaretur3
1335 3712 1418 3771 immo

239 3833 315 3876 vero
338 3832 419 3875 novo
434 3812 561 3874 deoreto
576 3811 686 3891 populi
705 3811 744 3892 (D
759 3810 810 3892 38)
831 3820 938 3872 333343
952 3819 1002 3872 334
1016 3818 1049 3872 34
1063 3819 1133 3871 tum
1148 3813 1296 3875 maxime
1311 3813 1416 3889 omnia,

240 3936 322 3998 quae
345 3916 385 3979 ad
406 3915 487 3976 hano
509 3934 575 3976 rem
597 3914 805 3993 pertinerent,
830 3912 929 3993 lapidi
952 3912 1105 3992 iuscripta
1129 3924 1221 3976 sunt.

325 4018 449 4079 Titulus
471 4012 629 4101 στοιχηδὸν
652 4016 789 4097 scriptus
812 4024 875 4093 est,
901 4015 965 4076 nisi
987 4013 1073 4095 quod
1095 4018 1250 4080 nonnulli
1273 4034 1419 4081 versusa

243 4123 305 4183 4433
336 4119 471 4199 singulis
497 4121 548 4182 vel
577 4120 664 4183 binis
692 4119 793 4181 literis
822 4127 942 4180 eeteros
967 4127 1131 4197 superant.
1188 4121 1334 4184 Conrius
1357 4136 1420 4184 333

243 4227 313 4286 4333
342 4223 478 4302 maligna
506 4222 690 4302 desoripsit;
723 4225 833 4303 itaquo
855 4220 965 4282 literae
987 4221 1128 4283 intereo
1151 4221 1283 4287 similes
1312 4223 1420 4306 passim

243 4334 382 4388 mutatae
399 4332 483 4386 sunt.
497 4360 540 4370 -
554 4322 591 4403 A,
611 4325 629 4384 6
646 4345 695 4406 sq.
720 4319 958 4409 ἐξε)νι)κ)άμενος;
983 4324 1025 4385 34.
1042 4324 1144 4403 84333,
1160 4325 1282 4389 Hhein.
1301 4331 1377 4391 1433.
1386 4324 1419 4386 36

244 4450 275 4510 p.
296 4429 369 4490 609.
395 4463 436 4473 -
460 4429 498 4487 45
521 4426 664 4512 4434444344
696 4427 737 4488 34.
763 4427 911 4506 Fuehrer,
944 4418 1028 4488 libet·
1048 4424 1081 4488 d.
1106 4426 1193 4490 leeb.
1211 4430 1297 4493 Dial.
1322 4425 1416 4513 44884)
