2932 5040
672 295 754 345 Tituli
772 295 922 345 Cretenses.
1294 295 1317 358 [⁴
1326 298 1359 344 to
1370 319 1402 333 —-

314 537 347 603 2.
382 533 538 602 Foedera
559 534 656 600 inter
680 531 795 601 verius
816 531 978 598 eivitetes
1001 529 1186 598 cretenses
1206 530 1294 598 ietn

211 711 276 779 llo
303 715 353 792 [=
371 709 422 792 47]
450 713 671 791 Fragmentum
696 709 728 768 in
751 728 825 789 egro
849 708 1053 788 Hierapytnio
1074 714 1249 787 repertum.

323 907 1282 929 .............................................
1290 859 1356 946 ωνί

323 1011 1129 1031 ......................................
1146 987 1181 1026 αν
1205 964 1251 1035 δις
1275 963 1354 1049 οποί

325 1118 525 1134 ..........
542 1064 601 1150 [τὰν
625 1068 823 1131 ἰσοπολιτείαν
847 1064 898 1130 καί
920 1060 969 1129 τὸν
992 1057 1087 1152 δρκγον
1111 1060 1355 1154 ἀγγραψάντωνί

325 1218 805 1237 .......................
820 1169 866 1252 [ἐς]
889 1163 1000 1241 στάλας
1023 1170 1140 1241 λιδίνας
1162 1169 1243 1254 τρεῖς
1267 1168 1357 1255 saion

279 1273 376 1359 5ίτάν
400 1274 452 1359 μὲν
475 1274 586 1338 δέντων
616 1274 644 1337 οἱ
661 1268 860 1358 Ἱεραποτνίοι
889 1273 926 1354 έίν
942 1267 1120 1357 Ἱεραπότνορ
1149 1274 1179 1337 ἐν
1209 1275 1253 1358 τῷ
1283 1274 1356 1359 ἱερῷ

317 1383 370 1451 τᾶς
390 1374 564 1461 Ἀθαναίίίας
586 1380 638 1448 τᾶς
662 1371 828 1457 Πολιάδος,
862 1372 923 1457 τὰν]
951 1374 984 1439 δὲ
1015 1367 1109 1438 ἄλλαν
1140 1376 1168 1438 οί
1191 1371 1354 1441 κατοικάν-

318 1507 365 1555 τες
381 1477 579 1567 Ἱεραποτνίοι
597 1479 602 1564 Ι
620 1481 659 1560 [ἐν
675 1473 806 1565 Γόρτυνι]
828 1481 917 1564 ἐντῷ
942 1480 1013 1564 ἱερῷ
1035 1482 1078 1540 roi
1098 1474 1276 1558 Ἀσκλαπιῶ,
1302 1476 1354 1545 τὰν

319 1586 352 1650 δὲ
381 1585 481 1670 τρίταν
510 1586 595 1666 κοινᾷ
622 1582 627 1666 Ι
652 1583 691 1664 [ἐν
721 1583 836 1664 Aorsoi]
864 1584 894 1646 ἐν
925 1585 967 1667 τῷ
999 1583 1071 1666 ἱερῷ
1097 1585 1149 1653 τᾶς
1176 1578 1352 1656 Ἀθαναίας.

321 1686 360 1753 Αἰ
388 1689 422 1753 δέ
451 1687 479 1749 τί
507 1711 547 1749 κα
573 1682 643 1771 tite
668 1686 907 1771 βωλεοομέίίνοις]
929 1683 977 1749 ἐπί
999 1688 1042 1769 τῷ
1064 1688 1149 1769 κοινᾷ
1173 1688 1356 1773 συμφέροντι

265 1811 296 1860 10
319 1786 534 1877 ἐπιδιορθώσαι
562 1784 581 1874 ἢ
610 1789 706 1861 ἐίελὲν
729 1784 748 1874 ἢ
773 1786 922 1874 ἐνίίβαλέν,
957 1784 997 1873 μή
1028 1787 1149 1874 ἔνορκον
1178 1788 1274 1852 ἔστω·
1309 1781 1357 1854 δτι

320 1895 353 1960 δὲ
376 1888 611 1980 ἐίγλγράψαιμεν,
637 1888 758 1979 ἔνορκόν
781 1915 813 1954 τε
834 1890 912 1954 ἔστω
934 1889 985 1955 καὶ
1005 1890 1009 1976 ί
1029 1891 1155 1957 ἔνίλινον.

317 2039 321 2047 .
402 1989 527 2082 Ὅρκος·
564 1991 678 2080 Ὀμνιίω
708 1991 759 2060 τάν
785 1990 906 2058 Ἑστίαν
941 1995 992 2059 καί
1022 1993 1105 2059 Τᾰνα
1129 1991 1283 2082 ’θράτριον
1306 1995 1355 2061 καί

321 2101 405 2166 Τᾱνα
423 2099 429 2187 l
449 2101 588 2166 Δικταῖον
604 2098 655 2164 καί
668 2089 767 2185 Ἥραν
790 2096 842 2162 καί
862 2093 1022 2163 Ἀθαναίαν
1036 2092 1171 2184 Ώλερίαν
1194 2097 1246 2163 καί
1260 2095 1356 2166 Ἀθα-

320 2207 407 2270 ναίαν
436 2199 574 2268 Πολιάδα
598 2201 603 2288 Ι
629 2201 681 2267 καί
707 2197 867 2266 Ἀθαναίαν
896 2201 1075 2285 Σαλμωνίαν
1108 2200 1159 2266 καί
1186 2198 1359 2268 Ἀπόλλωνα

322 2305 436 2374 Πέδιον
468 2306 519 2372 καί
549 2304 639 2371 Λατω
668 2303 720 2369 καί
742 2297 898 2390 Ἄρίτε]ίμιν
926 2303 978 2369 καὶ
992 2296 1086 2390 Ἄρεα
1108 2304 1160 2370 καί
1180 2302 1358 2391 Ἀφροδίταν

268 2430 299 2480 15
322 2410 374 2477 καὶ
396 2406 546 2496 Κωρήτας
568 2408 620 2474 καί
637 2405 768 2496 Νιίμφας
790 2406 842 2472 καὶ
860 2403 908 2479 τὸς
925 2404 1110 2494 Κορβάνίίτας
1125 2406 1177 2473 καὶ
1192 2402 1263 2481 θεὸς
1278 2405 1359 2474 πάν-

322 2540 375 2587 τας
390 2513 441 2579 καὶ
456 2508 569 2585 πάσας·
594 2505 614 2596 ἧ
632 2509 688 2596 μὰν
705 2508 764 2597 ἐγὼ
777 2506 912 2596 εὐνοησῶ
925 2512 987 2583 τοῖς
1004 2508 1360 2598 ἐπίίπασιἹεραποτνίοις

316 2613 371 2682 τὸν
395 2608 511 2681 άπαντα
533 2611 641 2701 χρόνον
665 2610 784 2685 ἁπλόως
806 2612 857 2677 καί
881 2609 1008 2697 ἀδόλως,
1040 2613 1092 2680 καὶ
1114 2613 1152 2700 δὴ
1173 2615 1177 2699 Ι
1197 2612 1246 2680 τὸν
1271 2612 1360 2682 αὐτὸν

324 2721 409 2806 φίλον
424 2718 475 2784 καί
491 2714 602 2805 ἐχθρὸν
618 2718 673 2788 ἑξῶ
686 2715 738 2781 καί
752 2718 915 2802 πολεμησῶ
932 2713 990 2782 άπὸ
1005 2713 1110 2805 χώρας
1125 2717 1213 2784 παντί
1227 2719 1231 2805 ί
1245 2721 1358 2803 σθένει,

324 2815 358 2887 οὗ
382 2821 433 2886 καὶ
457 2824 485 2886 οί
508 2815 664 2892 έπιπάντες
680 2816 888 2906 Ἱεραποτνίοι,
915 2819 965 2884 καί
988 2818 1020 2885 τὸ
1044 2823 1159 2886 δίκαιον
1179 2826 1268 2887 δωσῶ
1290 2823 1360 2910 καίί

324 2928 442 3010 ἐμμενῶ
456 2928 486 2990 ἐν
502 2925 564 2996 τοῖς
587 2924 791 3008 συγκειμένοις
806 2923 858 2988 καί
881 2918 915 2987 οὐ
930 2929 1145 3011 κακοτεχνησῶ
1161 2921 1272 3010 οὖδενίίλ
1286 2931 1342 2991 τῶν
1353 2926 1362 3013 ii

269 3044 301 3094 20
324 3032 355 3093 ἐν
377 3030 449 3114 τᾷδε
471 3031 508 3113 τᾷ
532 3029 714 3112 ἰσοπολιτεία
735 3028 947 3113 γεγραμμένων
971 3020 1039 3093 οὔτε
1062 3024 1142 3115 λόγῳ
1165 3020 1234 3094 οὔτε
1256 3028 1359 3117 ἔργῳί

326 3126 395 3194 οὐδὲ
419 3123 502 3218 άλλιρ
517 3134 672 3218 ἐπιτραψῶ
688 3129 765 3195 ἑκών
781 3129 832 3194 καί
846 3126 999 3216 γινώσκων
1014 3133 1196 3218 παρευρέσει
1211 3128 1339 3218 οὐδεμιᾷ
1356 3134 1360 3218 ί

324 3229 393 3298 οὐδὲ
416 3230 516 3322 τρόπῳ
540 3230 648 3299 οὐδενί.
696 3232 736 3299 Αἰ
760 3235 792 3299 δέ
815 3259 844 3298 τι
865 3230 1094 3320 ἐπιορκήσαιμι,
1127 3238 1185 3300 τῶν
1209 3227 1319 3320 ὤμοσα
1341 3230 1367 3322 ἢ

324 3341 383 3401 τῶν
407 3337 592 3423 συνείθέμαν,
625 3333 674 3410 τός
694 3362 726 3402 τε
749 3335 818 3409 δεὸς
840 3334 890 3409 τὸς
912 3330 1017 3421 ὤμοσα
1040 3339 1187 3422 ἐμμανίας
1209 3329 1286 3423 ἦμεν
1310 3339 1362 3405 καί

325 3436 505 3512 ἐξολλιίσδαι
528 3440 533 3527 ί
560 3443 692 3528 κακίστῳ
722 3436 842 3528 ὀλέθρῳ
869 3438 921 3504 καὶ
950 3436 1024 3526 μήτε
1054 3443 1108 3526 γᾶν
1138 3435 1212 3526 μήτε
1236 3443 1363 3529 δένδρεα

270 3559 303 3610 25
326 3541 438 3630 καρπὸς
462 3545 551 3631 φέρεν
575 3540 658 3632 μήίγιε
679 3544 822 3629 γοναίκας
845 3544 939 3607 τίκτεν
962 3538 1157 3630 κατὰφύσιν,
1183 3549 1226 3630 τῷ
1247 3569 1279 3609 τε
1301 3572 1362 3610 πο-

326 3648 408 3734 λέμιρ
432 3643 472 3731 μί
497 3672 534 3731 με
557 3650 635 3711 σῶον
658 3649 798 3712 νεέσθαι·
835 3642 989 3732 εὐορίκῶσι
1012 3647 1045 3711 δὲ
1069 3644 1137 3732 ἁμὶν
1160 3643 1209 3719 τός
1237 3672 1270 3711 τε
1292 3644 1364 3722 θεὸς

328 3751 406 3821 ίλέος
428 3742 504 3836 ἦμεν
527 3750 579 3815 καί
600 3752 738 3837 γινέσθαι
759 3745 855 3814 πάντα
878 3745 992 3835 ἀγαθοί.

221 3906 294 3967 ClG.
312 3906 406 3969 2555.
455 3909 576 3971 Foedus
599 3910 682 3970 inter
706 3908 866 3970 civitatem
890 3907 1166 3988 Hierapytniorum
1186 3916 1218 3968 et
1241 3907 1403 3972 eleruohos

220 4028 328 4071 eorum
353 4010 485 4092 festum,
519 4013 575 4093 qui
597 4012 653 4074 ubi
676 4010 907 4091 habitaverint,
942 4012 1047 4073 delete
1069 4010 1173 4091 priore
1196 4020 1288 4090 perte
1311 4031 1361 4074 vs.
1386 4008 1403 4070 7

221 4114 393 4194 ignoretur.
442 4116 551 4177 Simile
575 4125 625 4176 est
647 4116 717 4177 eius
741 4114 828 4195 quod
850 4115 996 4195 sequitur
1018 4135 1050 4175 n.
1079 4115 1150 4175 tii.

308 4219 345 4277 10
367 4215 497 4281 ivisses:
524 4218 607 4280 idem
624 4218 814 4282 vocabulum
831 4217 989 4298 signifieat
1011 4217 1083 4280 »des
1097 4217 1241 4297 Dortigeo
1264 4216 1299 4277 in
1315 4215 1404 4279 titulo

222 4322 409 4385 Chersonesi
431 4323 581 4384 Taurinae
604 4331 729 4402 reperto
745 4322 828 4383 Bull.
847 4323 933 4384 Gom.
953 4321 1033 4383 Hell.
1052 4323 1076 4382 V
1099 4341 1132 4400 p.
1152 4317 1190 4379 m
1209 4338 1281 4400 sqq.
1301 4339 1334 4381 v.
1347 4320 1402 4395 δίς

223 4426 378 4507 quomodo
401 4427 459 4488 hoe
489 4425 555 4486 loeo
579 4434 610 4486 et
639 4427 672 4486 in
700 4424 860 4488 similibus
892 4425 995 4485 titulis
1018 4424 1150 4486 Creticis
1181 4422 1405 4503 explicandum
