2932 5040
535 1519 918 1638 ra'ooanrun

223 1879 426 1998 Cognitionis
456 1915 662 1977 dialectorum
692 1915 828 1976 Graecae
859 1914 988 1996 linguae
1018 1915 1162 1978 snbsidia
1193 1916 1322 1997 epigra-

135 2037 226 2116 phica
248 2043 418 2116 postquam
441 2043 514 2096 ante
537 2035 594 2096 hos
617 2053 675 2096 sex
697 2052 796 2095 annos
820 2035 953 2115 Georgio
974 2034 1081 2095 Curtio
1105 2045 1231 2097 auctore
1255 2037 1322 2097 col-

136 2153 264 2235 ligenda
293 2155 434 2233 suscepi,
461 2172 523 2215 non
555 2155 657 2215 solum
681 2153 821 2214 virorum
849 2153 1010 2214 doctorum
1034 2153 1209 2215 sedetiam
1233 2174 1321 2216 sum-

136 2292 257 2334 morum
280 2274 523 2352 magistratuum
543 2293 613 2334 cum
632 2262 821 2334 Graecorum
844 2279 911 2332 tum
935 2280 1116 2334 exterorum
1139 2293 1233 2354 opera
1256 2283 1320 2335 tam

136 2392 271 2455 feliciter
300 2403 390 2456 aucta
420 2402 511 2472 sunt,
546 2401 582 2454 ut
618 2392 703 2453 hunc
732 2391 906 2472 delectum,
934 2411 1006 2453 cum
1036 2393 1152 2454 iterum
1176 2392 1321 2456 edendus

135 2521 229 2594 esset,
256 2514 330 2575 novi
354 2512 455 2575 instar
477 2512 552 2574 libri
574 2514 742 2575 instituere
766 2531 896 2574 necesse
919 2511 1027 2573 luerit.
1070 2513 1115 2573 Ne
1137 2532 1223 2574 nunc
1246 2514 1321 2594 qui-

136 2632 206 2694 dem
231 2632 263 2693 id
285 2632 363 2693 mihi
385 2632 546 2713 proposui,
573 2642 609 2694 ut
636 2651 746 2693 omnes
773 2631 883 2694 titulos
908 2651 1121 2712 congererem,
1149 2633 1268 2712 quibus
1292 2634 1320 2694 ei

129 2751 290 2849 ,utendum
313 2753 393 2831 erit,
412 2753 467 2833 qui
491 2752 683 2832 inquirendo
705 2751 739 2812 in
761 2751 924 2813 historiam
940 2752 1095 2813 sermonis
1112 2753 1222 2815 Gracci
1245 2754 1320 2815 novi

136 2871 259 2952 aliquid
289 2873 430 2952 reperire
462 2872 584 2952 cupiet,
611 2872 667 2934 sed
697 2879 733 2932 ut
762 2871 912 2952 eligerem
944 2871 1068 2950 titulos,
1106 2872 1161 2951 qui
1185 2873 1321 2934 maximo

135 2992 210 3053 usui
233 3011 303 3055 esse
319 2991 507 3055 viderentur
521 2990 789 3070 adolescentibus,
809 2991 864 3071 qui
880 2989 1023 3052 notitiam
1038 2991 1167 3072 linguae
1184 2993 1320 3055 Graecae

135 3112 241 3189 talem,
268 3112 372 3191 qualis
394 3131 481 3172 nunc
510 3121 605 3190 esset,
637 3110 785 3173 traditam
808 3110 950 3190 accipere
973 3111 1105 3173 vellent.
1152 3110 1234 3172 Fieri
1257 3131 1320 3174 non

135 3230 253 3311 potuit,
294 3232 373 3311 quin
404 3231 648 3311 inscriptionum
685 3230 995 3310 antiquissimarum,
1029 3250 1109 3311 quas
1140 3233 1321 3294 Hnnuaunus

135 3353 239 3412 licam
270 3370 375 3431 nuper
404 3349 522 3436 edidit,
549 3350 647 3414 maior
669 3370 743 3431 pars
774 3350 868 3413 etiam
892 3351 925 3410 in
948 3350 1033 3411 hunc
1055 3351 1172 3413 librum
1196 3352 1321 3431 recipe-

135 3479 240 3546 retur;
270 3471 303 3531 in
335 3489 397 3550 quo
427 3490 478 3532 me
509 3471 578 3532 sine
607 3470 718 3532 fraude
742 3470 845 3551 egisse
869 3489 962 3550 spero
985 3471 1111 3551 agnosci
1135 3489 1239 3551 posse.
1286 3469 1319 3533 Si

136 3591 191 3670 qui
223 3584 338 3652 titulus
368 3591 509 3670 alioquin
541 3591 688 3670 mutilus,
721 3598 752 3652 et
782 3590 838 3670 qui
866 3589 953 3669 typis
983 3590 1119 3669 exprimi
1142 3609 1205 3650 non
1228 3590 1319 3653 facile

135 3718 259 3790 posset,
285 3729 348 3771 uno
380 3711 432 3771 vel
463 3709 590 3772 duobus
613 3710 691 3772 locis
719 3711 850 3770 formam
874 3716 1049 3770 memoratu
1072 3708 1198 3791 dignam
1222 3730 1320 3791 prae-

134 3829 241 3909 bebat,
268 3849 337 3892 eam
360 3849 417 3890 suo
440 3831 506 3890 loco
529 3830 561 3889 in
585 3829 842 3891 adnotationibus
865 3829 977 3890 afferre
1000 3849 1095 3909 quam
1118 3838 1218 3891 totum
1241 3831 1322 3893 titu-

135 3949 201 4010 lum
223 3959 369 4028 repetere
392 3949 489 4010 malui
518 3948 555 4029 (e.
575 3968 605 4029 g.
625 3948 664 4010 ad
687 3967 719 4008 n.
743 3949 794 4027 at,
816 3951 847 4010 l.
868 3950 938 4028 ut,
961 3948 1005 4031 l).
1052 3950 1114 4011 Cur
1136 3947 1255 4013 Atticos
1278 3953 1321 4013 ti-

135 4070 219 4130 tulos
249 4061 429 4149 omiserim,
456 4067 523 4129 dixi
552 4089 585 4149 p.
611 4069 684 4129 3⁴5.
732 4070 795 4129 Hoc
817 4067 917 4148 doleo,
944 4067 1030 4148 quod
1053 4067 1214 4130 doctrinae
1237 4088 1319 4149 quae

136 4196 266 4249 vocatur
287 4187 527 4251 numismaticae
556 4207 668 4268 parum
698 4207 794 4268 gnaro
821 4189 898 4249 mihi
920 4207 984 4249 non
1008 4188 1149 4269 contigit,
1175 4197 1212 4250 ut
1234 4208 1320 4250 com-

135 4307 236 4387 moda,
264 4327 346 4387 quae
369 4307 444 4370 inde
468 4308 538 4388 capi
560 4315 716 4387 poterant,
743 4308 845 4369 omnia
869 4308 902 4368 in
924 4307 1021 4369 huius
1044 4308 1118 4368 libri
1134 4326 1227 4369 usum
1243 4327 1321 4370 con-

137 4435 304 4488 verterem.
