2932 5040
135 269 198 315 vm
641 251 821 300 Prooemium.

137 339 289 347 ——o-

139 467 268 521 vocatur
291 457 460 519 severioris
489 454 531 537 (v.
555 455 694 532 Abrens,
727 456 809 519 Dial.
834 459 859 518 ll
882 478 913 538 p.
942 458 1003 520 iti
1021 458 1118 541 sqq.),
1152 478 1267 540 nempe
1290 461 1322 521 in

136 579 240 641 titulis
262 577 423 639 Laconicis
446 575 677 638 vetustioribus
701 596 772 638 oum
792 578 1067 658 HeracleensibuS,
1095 579 1238 660 Creticis,
1264 578 1325 641 Ar-

137 698 231 781 givis.
261 731 304 742 -
334 696 472 759 Facilius
497 694 629 758 Aeolum
658 693 847 779 Asianorum
877 698 930 760 vel
959 699 1145 761 Lesbiorum
1174 709 1325 763 accentus

136 819 248 900 reponi
270 825 434 898 poterant,
468 815 507 878 de
531 815 651 896 quibus
673 825 745 897 post
766 815 957 881 Ahrensium
980 819 1045 900 egit
1067 823 1208 899 Mnrsrnn,
1241 821 1321 882 Dial.

137 943 205 1020 lp.
232 939 266 998 3l
289 956 362 1017 sqq,
414 938 491 998 Nam
523 956 563 998 ex
595 935 786 999 testimoniis
820 940 1094 1020 grammaticorum
1128 941 1326 1022 intellegitur

137 1059 210 1121 illos
233 1064 398 1120 accentum
422 1075 519 1137 quam
541 1057 725 1137 longissime
749 1077 766 1119 a
789 1058 851 1120 fine
867 1060 1015 1121 vocabuli
1039 1079 1201 1122 removere
1217 1062 1326 1123 solitos
1423 1055 1425 1059 ’

139 1198 218 1258 esse,
253 1177 397 1257 exceptis
424 1177 717 1257 praepositionibus
746 1187 777 1239 et
804 1178 1093 1242 coniunctionibus.
1141 1183 1228 1243 Hane
1250 1201 1327 1242 con-

139 1297 343 1362 suetudinem
373 1296 468 1358 etiam
497 1296 539 1359 ad
566 1315 603 1357 ea
632 1297 787 1360 vocabula
815 1300 1021 1381 pertinuisse,
1055 1320 1191 1380 quorum
1214 1302 1326 1364 ultima

139 1418 260 1501 syllaba
289 1424 450 1479 contracta
479 1423 542 1494 est,
576 1436 772 1497 quamquam
798 1420 925 1481 Meister
948 1421 969 1480 l.
989 1421 1011 1481 l.
1029 1420 1070 1480 37
1095 1429 1232 1483 statuere
1262 1441 1326 1483 non

140 1558 237 1603 ausus
266 1545 331 1617 est,
368 1545 474 1598 tamen
502 1544 623 1597 certum
652 1536 791 1599 videtur.
843 1539 921 1600 Nam
952 1541 1123 1602 contractio
1155 1541 1234 1603 lacta
1264 1550 1322 1615 est,

139 1660 328 1741 priusquam
351 1656 500 1719 Lesbiaoa
523 1675 540 1716 a
563 1655 711 1718 dialectis
741 1656 894 1736 proximis
916 1669 1146 1740 secerneretur,
1178 1670 1327 1723 accentus

138 1780 287 1842 retractio
315 1785 439 1857 postea.
491 1778 526 1836 ln
555 1795 619 1855 qua
647 1795 682 1837 re
711 1795 835 1839 mecum
855 1777 939 1841 lacit
967 1782 1116 1861 Funnnnn,
1150 1771 1235 1843 liber
1265 1781 1327 1843 den

139 1900 221 1963 lesb.
246 1898 381 1977 niaiekt,
406 1894 569 1976 Arnsberg
595 1896 689 1974 issi,
715 1916 748 1976 p.
767 1898 797 1957 8.

226 2034 474 2097 Adnotationum
511 2051 608 2111 quam
644 2051 771 2112 possem
814 2034 1036 2113 parcissimum
1074 2057 1123 2098 me
1166 2047 1328 2118 praestare

141 2154 260 2219 studui.
308 2152 473 2216 Editiones
496 2170 559 2212 non
582 2170 692 2213 omnes
715 2155 899 2216 enumeravi
930 2155 986 2217 sed
1016 2175 1086 2236 eae,
1120 2177 1200 2238 quas
1227 2154 1329 2218 maxi-

141 2295 224 2338 mam
246 2273 417 2337 utilitatem
440 2272 557 2334 babere
580 2281 737 2352 putarem,
763 2292 840 2353 prae
856 2276 972 2337 ceteris
987 2277 1063 2339 GlG.
1083 2285 1114 2338 et
1129 2275 1220 2356 IGA,
1248 2296 1329 2356 qua-

142 2416 213 2458 rum
235 2411 385 2456 numeros
407 2410 572 2472 nunquam
595 2391 687 2453 omisi
702 2392 733 2472 ¹).
773 2392 834 2453 Ubi
857 2393 927 2456 fieri
942 2402 1077 2475 poterat,
1104 2394 1212 2458 addidi
1227 2415 1327 2476 pauca

141 2516 181 2578 de
211 2521 314 2578 aetate
343 2510 507 2573 titulorum
537 2510 589 2570 vel
623 2508 662 2570 de
695 2510 810 2590 rebus,
848 2531 931 2591 quae
964 2512 997 2573 in
1028 2514 1075 2575 eis
1103 2524 1324 2577 tractarentur.

141 2636 267 2699 Variam
290 2631 458 2694 lectionem
481 2649 606 2691 omnem
629 2629 811 2692 adscribere
835 2631 962 2712 longum
978 2632 1050 2694 luit.
1088 2636 1198 2716 Neque
1214 2655 1329 2716 operae

142 2756 282 2839 pretium
306 2769 377 2814 esse
406 2749 592 2827 videbatur,
627 2749 654 2811 si
677 2749 789 2810 literae
812 2752 928 2830 partim
958 2752 1126 2834 evanidae,
1160 2755 1217 2818 sed
1247 2775 1329 2835 quae

143 2884 228 2939 certo
250 2872 378 2954 agnosci
401 2878 543 2951 possent,
576 2869 744 2949 suppletae
768 2868 820 2929 vel
843 2871 869 2931 si
892 2867 934 2949 A,
961 2870 1003 2952 lt,
1029 2869 1061 2932 Α
1084 2875 1136 2936 vel
1157 2871 1200 2953 0,
1228 2873 1260 2937 Θ
1289 2876 1330 2936 Ιί-

142 3005 229 3059 terae
252 2995 336 3055 inter
358 3010 392 3052 se
415 2997 554 3052 mutatae
582 2997 687 3064 erant,
720 3008 774 3051 eas
802 2991 980 3054 accuratius
1004 2993 1202 3068 describere,
1235 3014 1330 3074 prae-

144 3115 253 3178 sertim
287 3131 358 3175 cum
392 3109 495 3172 literis
530 3110 564 3169 in
600 3116 691 3170 textu
727 3108 797 3188 ipso
832 3109 979 3173 intercise
1013 3112 1141 3193 scriptis
1181 3115 1329 3176 lectorem

144 3232 336 3297 monendum
366 3230 574 3293 curavissem.
625 3228 689 3290 Sed
715 3227 909 3308 ubicumque
936 3231 1007 3293 eius
1029 3233 1152 3313 aliquid
1175 3235 1330 3296 interesse

143 3355 295 3437 putabam
320 3351 418 3429 scire,
452 3347 531 3429 quid
553 3346 587 3406 in
609 3346 716 3427 lapide
738 3347 792 3408 vel
815 3366 887 3409 aere
910 3350 1063 3431 scriptum
1088 3363 1186 3433 esset,
1221 3354 1330 3417 literas

144 3474 276 3538 traditas
299 3469 487 3549 subscripsi,
521 3474 676 3548 quantum
699 3465 801 3529 facere
824 3476 977 3552 poteram,
1003 3471 1120 3534 formas
1143 3493 1251 3537 earum
1273 3494 1331 3535 ve-

145 3748 230 3813 ceptis
248 3746 488 3810 grammaticorum
507 3753 585 3792 suam
611 3739 710 3802 cuique
730 3741 891 3791 sententiam
910 3742 1009 3795 elicere
1028 3746 1158 3808 studeret,
1178 3747 1267 3798 effecit
1285 3764 1332 3797 va-

145 3834 270 3885 rietatem
287 3844 384 3896 porurn
402 3825 583 3895 probabilem.
611 3825 705 3888 Neque
723 3826 796 3874 enim
815 3839 844 3877 se
863 3831 997 3880 continuit
1014 3831 1063 3893 e'is,
1079 3846 1148 3896 quae
1161 3836 1329 3897 grammat-ici

145 3918 323 3978 tradiderunt,
344 3915 393 3967 sed
411 3913 518 3965 addidit
535 3907 622 3973 calba,
641 3906 758 3979 γυναίκα,
779 3912 891 3976 similia;
912 3919 939 3964 et
957 3929 999 3976 ea,
1018 3930 1089 3980 quae
1107 3920 1178 3970 inter
1189 3934 1218 3971 se
1231 3921 1329 3971 similia

146 4007 173 4055 et
197 4003 337 4054 communi
361 4002 465 4051 ratione
491 3999 550 4047 orta
578 4007 637 4046 esse
664 3993 839 4057 videbantur,
873 4000 1053 4064 explicatione
1082 4004 1214 4056 disiunxit
1243 4007 1275 4068 (e.
1303 4020 1327 4070 g.

145 4086 270 4160 antelato,
290 4087 394 4143 mdes<
412 4101 427 4137 a
446 4083 536 4134 verbis
555 4077 671 4142 enecet,
691 4075 816 4148 ildradi
843 4086 870 4132 et
892 4086 1006 4137 eandem
1025 4089 1157 4154 syllabam
1176 4091 1284 4143 finalem
1302 4095 1329 4142 in

147 4177 244 4227 eodem
268 4187 366 4239 genere
390 4170 566 4237 grammatico
591 4165 673 4216 modo
697 4164 806 4229 longam
830 4170 912 4220 modo
935 4170 1047 4225 brevem
1065 4190 1124 4227 esse
1144 4177 1228 4227 voluit
1249 4178 1281 4239 (e.
1302 4193 1326 4242 g.

147 4257 249 4329 ἀμύναι,
270 4257 359 4312 cadoci
377 4258 424 4309 inl.
444 4272 513 4317 aon,
533 4254 581 4306 sed
599 4249 706 4321 λέγεται,
727 4247 841 4320 λέγηται,
863 4252 994 4322 ἐσσεῖται).

233 4348 257 4408 l)
279 4347 380 4397 Prioris
398 4345 525 4397 editionis
544 4341 625 4391 buius
643 4337 765 4388 delectus
782 4351 912 4398 numeros
929 4349 1008 4399 uncis
1027 4349 1148 4401 inclusos
1166 4351 1280 4414 singulis
1298 4352 1331 4400 ti.

148 4434 211 4484 tulis
228 4433 402 4499 praescripsi.
