2932 5040
213 273 275 334 302
682 269 765 319 Tituli
781 269 917 320 Arcadici.
1320 269 1376 332 {⁴¹10
1386 297 1412 308 ..

213 480 458 552 011111111111,
487 475 580 536 Arch.
605 474 681 536 Zeit.
708 476 747 535 36
776 473 881 557 (4878)
907 494 940 554 p.
966 476 1006 534 89
1037 494 1074 536 1.
1095 476 1184 553 443,
1220 484 1256 536 et
1280 477 1412 536 Pnooln

212 579 290 641 ibid.
309 580 349 639 39
378 577 481 659 (4884)
509 598 541 657 p.
562 577 622 637 487
638 596 711 658 sqq.
735 613 779 621 —
800 580 1049 655 Monumentum,
1075 579 1180 638 cuius
1202 577 1281 639 basi
1304 588 1412 639 rotun-

212 683 345 745 dachic
367 681 482 742 titulus
505 680 681 759 inscriptus
703 689 768 757 est,
800 681 893 740 tertio
923 679 1032 741 seculo
1056 679 1329 741 adiudicandum
1350 699 1413 742 esse

211 793 302 863 putat
323 782 471 864 Purgold.

568 1275 700 1358 xxm.
740 1275 864 1357 Tituli
892 1274 1039 1376 cyprii.

296 1485 469 1546 Titulorum
485 1484 672 1564 Cypriorum
688 1483 884 1544 literaturam
900 1492 933 1543 et
947 1481 1124 1544 dialectum
1141 1485 1205 1564 qui
1221 1504 1411 1567 cognoscere

212 1590 306 1666 volet,
333 1590 363 1649 ei
384 1589 435 1648 his
456 1587 658 1667 potissimum
681 1586 775 1647 libris
796 1584 952 1646 utendum
974 1585 1050 1646 erit:

295 1762 374 1820 4411.
401 1760 546 1837 81111111,
571 1759 629 1819 Die
652 1756 802 1819 Insohrilt
823 1775 885 1817 ron
908 1756 1029 1819 Idalion
1055 1755 1127 1818 und
1153 1757 1216 1821 das
1240 1760 1408 1840 kyprische

381 1861 538 1941 Syllabar.
585 1857 785 1922 41114874.

294 1966 410 2024 Dantur
422 1962 490 2025 und
502 1964 694 2043 8111511111,
703 1963 761 2023 Die
773 1961 976 2040 wichtigstcn
986 1961 1189 2042 kyprischen
1203 1966 1403 2044 Inschriilen,

381 2065 603 2127 umschrieben
620 2063 686 2126 und
702 2066 866 2126 1141114114.
892 2063 983 2125 Stud.
996 2065 1049 2124 vll
1070 2063 1183 2148 (4874)
1204 2087 1240 2147 p.
1257 2066 1322 2128 2⁴7
1338 2088 1400 2149 sqq.

295 2167 426 2245 Arruns,
445 2170 488 2229 Zu
512 2167 575 2229 den
597 2167 791 2248 kyprischen
806 2165 1007 2227 Inschriiten.
1043 2165 1161 2231 Philol.
1182 2168 1224 2228 35
1249 2168 1355 2252 (4875)
1371 2191 1399 2250 p.

381 2272 488 2350 lsqq.
513 2271 553 2329 36
575 2268 678 2350 (4877)
699 2290 732 2349 p.
752 2271 764 2328 4
787 2288 887 2350 sqq.⁴

294 2376 374 2434 4411.
400 2373 544 2450 Samum,
572 2373 758 2452 Sammlung
786 2370 973 2451 kyprischer
995 2371 1193 2432 Inschriftan
1217 2372 1255 2434 in
1279 2374 1400 2455 epicho-

380 2474 502 2535 rischer
524 2475 652 2535 Schrift.
699 2477 775 2534 Iena
800 2470 893 2535 4876.

295 2580 423 2640 41111115
438 2579 546 2653 Voror,
566 2577 794 2648 Quaestionum
810 2575 849 2637 de
865 2575 967 2637 titulis
983 2575 1111 2656 Cypriis
1125 2579 1307 2657 particula.
1332 2581 1395 2659 Lpz.

381 2681 473 2742 stud.
492 2681 503 2738 4
525 2677 628 2760 (4878)
648 2699 681 2758 p.
699 2679 756 2739 254
779 2697 851 2758 sqq.

294 2784 423 2862 Dareus,
449 2782 603 2862 Nachtrag
633 2800 689 2842 zur
711 2783 835 2860 Lesung
862 2779 919 2841 der
940 2780 1185 2861 epichoriscbcn
1208 2785 1397 2864 kyprischen

379 2883 580 2946 Inschriften.
619 2884 692 2945 Bab.
711 2886 774 2944 Btr.
789 2885 828 2945 Vl
849 2881 951 2964 (4884)
972 2903 1005 2962 p.
1025 2884 1065 2942 66
1083 2904 1159 2965 sqq.
1182 2885 1247 2946 437
1264 2906 1338 2968 sqq.

293 3057 467 3117 Literatura
496 3054 683 3135 Cypriorum
713 3055 842 3134 propria
872 3073 909 3114 ea
938 3063 1001 3133 est,
1034 3063 1071 3115 nt
1104 3055 1258 3136 singulae
1294 3059 1396 3119 literae

208 3159 387 3241 significent
416 3168 471 3220 aut
499 3158 627 3218 vocales
656 3166 711 3218 aut
732 3155 872 3236 syllabas
894 3174 935 3216 ex
957 3174 1095 3217 consona
1117 3156 1230 3238 aliqua
1254 3180 1329 3222 cum
1351 3178 1396 3221 se·

208 3271 324 3342 quente
346 3261 448 3323 vocali
471 3261 671 3340 compositas
718 3258 910 3338 Explosivae
938 3257 1048 3319 literae
1071 3267 1201 3338 tenues,
1228 3262 1392 3342 aspiratae,

166 3406 174 3421 .
208 3363 330 3426 mediae
353 3381 417 3423 non
441 3361 692 3442 distinguuntur,
718 3381 824 3442 neque
848 3359 982 3440 spiritus
1003 3380 1099 3441 asper
1114 3382 1189 3423 cum
1212 3365 1321 3427 vocali
1341 3362 1395 3426 ali-

208 3486 270 3547 qua
293 3466 482 3528 coniunctus
510 3465 602 3526 aliter
629 3464 780 3527 scribitur
808 3473 904 3544 atquc
928 3462 1060 3542 spiritus
1082 3464 1168 3526 lenis
1192 3485 1269 3526 cum
1293 3465 1395 3528 eadem

207 3568 307 3630 vocali
330 3567 530 3629 coniunctus
577 3569 663 3630 Hanc
684 3569 838 3630 rationem
862 3564 1023 3628 scribendi
1046 3576 1084 3627 nt
1106 3567 1219 3629 formis
1243 3567 1394 3629 sermonis

208 3671 321 3734 Graeci
358 3668 640 3748 accommodarent,
680 3671 788 3751 Cyprii
822 3670 874 3731 usi
910 3676 985 3732 sunt
1014 3669 1113 3731 certis
1144 3670 1288 3750 reguIIs,
1321 3687 1394 3751 quas

206 3772 377 3833 Deeokium
400 3783 432 3834 et
455 3771 706 3852 Sigismundium
727 3772 829 3852 (Stud.
844 3772 897 3833 Vll
920 3792 953 3851 p.
972 3770 1033 3831 226
1051 3771 1137 3852 sqq.)
1157 3782 1191 3833 et
1206 3772 1393 3836 Ahrensium

212 3875 330 3953 (Philol.
349 3874 389 3934 35
414 3895 445 3954 p.
466 3877 483 3934 l
502 3874 563 3955 sq.)
591 3884 719 3936 secutus
742 3873 935 3953 subscripsi:

294 3978 322 4036 l.
356 3977 389 4038 Si
419 3975 505 4056 quod
532 3977 723 4038 vocabulum
752 3977 785 4037 in
814 3994 984 4037 consonam
1007 3973 1136 4056 desinit,
1163 3979 1321 4041 scribitur
1341 3997 1392 4058 pro

208 4099 244 4140 ea
268 4078 393 4159 signum
422 4080 491 4140 eius
521 4080 673 4160 syllabae,
701 4098 781 4159 quae
805 4077 942 4139 efficitur
964 4078 1023 4139 hac
1045 4098 1183 4140 consona
1206 4099 1282 4141 cnm
1305 4099 1321 4142 e
1341 4100 1393 4140 vo-

208 4181 267 4242 cali
299 4181 478 4243 coniuncta.
524 4182 561 4241 E.
587 4201 616 4261 g.
640 4181 821 4260 po-to-li-oc
842 4208 885 4233 =
906 4174 1019 4243 πτόλιν.
1073 4183 1326 4263 Nonnumquam
1347 4201 1393 4242 11-

206 4285 324 4345 ticulus
346 4292 378 4343 et
400 4283 661 4362 praepositiones,
684 4282 788 4343 rarius
804 4285 899 4346 etiam
915 4284 995 4346 aliae
1011 4296 1106 4346 voces
1122 4303 1197 4345 oum
1212 4283 1392 4366 insequenti

206 4386 360 4449 vocabulo
383 4402 446 4445 uno
469 4392 577 4446 tenore
601 4385 795 4467 syllabarum
826 4388 1062 4449 continuantur.
1110 4385 1147 4446 E.
1174 4406 1206 4467 g.
1233 4394 1392 4448 41-111-111-
