2932 5040
671 255 753 306 'rituli
770 256 904 306 Messenii.
1357 257 1401 322 [⁴7

303 485 402 543 σωντι,
427 455 590 546 δρκιζόντω
612 455 662 525 τὸν
683 455 897 546 γυναικονόμον
921 457 1041 526 ἐπὶτῶν
1066 455 1160 526 αὐτῶν
1185 462 1294 548 ἱερῶν·
1322 461 1358 528 εἶ

301 560 358 649 μάν
380 566 454 636 ἕξειν
478 566 651 648 ἐπιμέλειαν
674 555 742 649 περί
763 587 796 627 τε
817 566 869 629 τοιῖ
892 565 1070 648 είματισμοδ
1092 562 1144 628 καί
1158 566 1215 629 τῶν
1231 567 1353 632 λοιπῶν

300 672 355 733 τῶν
375 666 381 754 Ι
400 669 636 753 ἐπιτεταγμένων
660 692 712 752 μοι
734 669 766 732 ἐν
788 669 831 753 τῷ
854 661 1068 753 διαγράμματι.

392 769 531 854 Πομπᾶς.
568 766 618 835 Ἐν
636 768 669 835 δὲ
684 774 721 857 τᾷ
735 771 840 855 πομπᾷ
856 764 983 853 διγείστω
999 768 1237 856 Μνασίστρατος,
1256 771 1353 837 ἔπει-
1362 789 1399 831 ιιι

300 899 348 938 τεν
373 869 389 938 δ
414 868 508 959 ἱερεὺς
531 875 587 937 τῶν
610 874 697 955 θεῶν,
725 871 769 946 οἷς
788 871 793 959 Ι
813 868 851 936 τὰ
874 868 1022 958 μυστήρια
1038 873 1161 958 γίνεται,
1189 870 1268 959 μετὰ
1291 878 1352 949 τοῖς

303 978 411 1063 ἱερέας,
437 975 542 1041 ἔπειτα
565 971 766 1062 ἀγωνοθέτας,
794 973 957 1060 ίεροθόται,
988 976 1016 1039 οἱ
1040 971 1179 1060 αὐληταί,
1207 975 1287 1062 μετὰ
1312 977 1351 1042 δέ

244 1100 277 1150 30
299 1083 395 1146 ταῶτα
417 1081 450 1145 αἱ
463 1080 611 1166 παρθένοι
633 1081 664 1144 αἱ
689 1079 776 1163 ίεραί,
802 1074 903 1151 καθῶς
921 1070 957 1142 ἀν
973 1073 1125 1165 λάΙχωντι,
1151 1071 1285 1165 ἄγουσαι
1307 1077 1349 1146 τά

302 1175 436 1269 ἀρμοτα,
467 1185 656 1268 ἐπικειμένας
678 1183 780 1254 κίστας
804 1176 934 1268 έχοόσας
959 1179 1024 1269 ίερά
1047 1179 1189 1266 μυστικά·
1219 1180 1301 1248 εἶτεν
1327 1180 1351 1249 ἃ

301 1281 536 1372 θοιναρμόστρια
559 1282 579 1351 ἀ
601 1289 644 1359 εἰς
661 1281 819 1371 Δάματρος
841 1283 893 1349 καί
916 1286 948 1349 αί
971 1279 1289 1371 δποθοιναρΙμόστριαι
1313 1289 1349 1351 αἱ

303 1391 510 1476 ἐμβεβακυῖαι,
537 1387 613 1454 εἶτεν
637 1385 657 1454 ά
677 1391 759 1474 ἱέρεα
773 1391 825 1461 τάς
841 1383 1000 1474 Δάματρος
1015 1391 1068 1462 τᾶς
1084 1384 1129 1475 ἐφ’
1151 1384 1345 1477 ἱπποδρόμκρ,

302 1492 378 1558 εἶτεν
401 1488 422 1557 ἁ
443 1495 495 1565 τῶς
518 1496 549 1558 ἐν
572 1491 693 1577 Αίγίλα,
719 1491 833 1555 ἔπειτεν
857 1492 889 1556 αί
914 1488 990 1575 ἱεραί
1013 1488 1090 1558 κατά
1114 1492 1195 1576 μίαν,
1228 1492 1348 1576 καΙθώς

301 1621 341 1660 κα
362 1590 504 1682 λάχωντι,
530 1595 645 1659 ἔπειτεν
668 1595 697 1659 οἱ
722 1595 805 1680 ἱεροί,
831 1589 932 1667 καθώς
953 1618 992 1658 κα
1007 1596 1035 1659 οἱ
1053 1595 1127 1659 δέκα
1150 1589 1345 1666 διατάξωντι.

296 1695 330 1764 Ὁ
360 1697 394 1762 δὲ
418 1694 632 1784 γυναικονόμος
661 1690 816 1783 κλαρούτω
846 1692 899 1769 τάς
928 1721 960 1760 τε
989 1692 1068 1782 ίεράς
1097 1695 1149 1761 καί
1170 1698 1349 1784 παρθένους

301 1799 353 1867 καί
373 1803 546 1886 ἐπιμέλειαν
567 1799 572 1886 Ι
592 1801 698 1886 ἐχέτω,
723 1791 805 1872 όπως
818 1794 1009 1884 πομπεύωντι
1023 1796 1123 1873 καθῶς
1138 1825 1178 1866 κα
1193 1795 1346 1887 λάχωντι.

299 1901 431 1991 Ἀγέσθω
447 1902 480 1967 δέ
496 1906 527 1968 έν
542 1905 579 1988 τᾷ
594 1906 698 1988 πομπᾷ
715 1901 767 1968 καί
788 1899 826 1967 τά
840 1897 972 1987 θύματα,
998 1902 1050 1968 καί
1072 1899 1210 1968 θοοάντω
1233 1908 1272 1990 τᾷ
1290 1905 1348 1991 μέν

302 2003 441 2094 Δάματρι
467 2009 518 2071 σῶν
548 2007 687 2088 ἐπίτοκα,
714 2000 851 2091 ἙρμάΙνι
878 2002 974 2091 κριόν,
1007 2002 1147 2092 μεγάλοις
1173 2008 1257 2080 θεοῖς
1287 2006 1350 2074 δά-

303 2114 392 2196 μαλιν
408 2113 471 2192 σῶν,
488 2104 651 2175 Ἀπόλλωνι
665 2106 806 2196 Καρνείῳ
821 2104 945 2195 κάπρον,
963 2105 1053 2195 Ἃγνᾷ
1073 2101 1129 2174 όϊν.
1148 2147 1191 2158 -
1206 2110 1345 2178 Σκανᾶν.

247 2233 279 2283 35
301 2210 420 2281 Σκανάν
444 2213 477 2279 δέ
500 2209 540 2299 μὴ
565 2208 763 2300 έπιτρεπόντω
786 2213 814 2276 οἱ
836 2210 910 2297 ίεροί
926 2214 1044 2297 μηθένα
1059 2213 1141 2300 ἔχειν
1158 2216 1189 2278 έν
1209 2210 1214 2300 Ι
1233 2238 1349 2301 τετρα-

300 2314 387 2406 γώνῳ
411 2318 504 2402 μείζω
525 2319 623 2381 ποδῶν
640 2312 810 2403 τριάκοντα,
838 2314 914 2399 μηδὲ
929 2317 1118 2402 περιτιθέμεν
1133 2317 1198 2389 ταῖς
1215 2320 1349 2393 σκαναῖς

303 2418 377 2506 μήτε
400 2422 513 2506 δέρρεις
537 2414 611 2503 μήτε
635 2413 772 2500 αὐλείας,
800 2418 887 2502 μηδέ,
915 2422 945 2484 έν
969 2411 995 2505 ᾦ
1015 2411 1050 2484 ἀν
1070 2414 1152 2506 τόπιρ
1171 2420 1350 2507 περιστεμΙ-

303 2518 478 2609 ματιόσωντι
504 2523 532 2587 οἱ
568 2523 658 2607 ἱεροί,
718 2522 815 2605 ηθένα
848 2525 903 2587 τῶν
938 2518 978 2607 μή
1013 2514 1105 2586 όντων
1140 2523 1224 2609 ἱερῶν
1257 2522 1348 2610 ἔχειν

303 2621 426 2708 σκανάν,
460 2623 536 2709 μηδὲ
557 2626 735 2710 παρερπέτω
759 2622 867 2708 μηθείς
890 2620 1022 2709 ἀμόητος
1044 2627 1087 2698 εἰς
1109 2622 1158 2689 τὸν
1180 2620 1281 2707 τόπον,
1310 2619 1348 2692 όν

301 2754 342 2795 κα
363 2722 704 2813 περιστεμμαΙτιόσωντι·
733 2722 916 2812 χωραξάντω
940 2727 973 2792 δὲ
995 2726 1048 2792 καὶ
1069 2722 1208 2813 ὖδράνας.
1254 2723 1349 2795 Ἀνα-

302 2827 463 2920 γραψάντω
487 2829 520 2894 δέ
542 2829 594 2894 καί
616 2825 667 2917 ἀφ’
685 2823 794 2895 ῶνδεῖ
815 2831 991 2916 καθαρίζειν
1014 2830 1066 2896 καί
1089 2824 1109 2896 ἀ
1132 2829 1173 2916 μή
1190 2832 1237 2895 δεῖ
1250 2830 1349 2919 ἔχον-

303 2960 356 3009 τας
378 2929 607 3020 εἰςπορεόεσθαι
626 2932 698 3017 ΙκΙαΙὶ
715 2928 761 3018 μΙή
779 2935 825 2998 δεῖ
838 2932 921 3020 ἔχειν
938 2933 941 3018 Ι
960 2937 991 2999 έν
1006 2935 1072 3007 ταῖς
1088 2936 1229 3008 σκαναῖς·
1257 2938 1346 3021 μηθ-

304 3037 346 3112 εὶς
368 3039 470 3111 κλίνας
493 3039 589 3125 ἐχέτω
618 3039 649 3101 έν
678 3039 715 3121 τᾷ
746 3040 842 3122 σκανᾷ
872 3036 949 3122 μηδὲ
977 3032 1176 3124 ἀργυρώματα
1203 3039 1346 3114 πλείονος

304 3134 372 3214 ἀξια
400 3144 538 3228 δραχμῶν
568 3143 759 3226 τριακοσιᾶν·
798 3142 826 3204 εί
855 3139 888 3204 δὲ
917 3135 974 3226 μή,
1008 3136 1048 3226 μη
1078 3136 1284 3228 έπιτρεπόνΙτω
1314 3145 1347 3208 οἱ

305 3245 389 3331 ἱεροί,
414 3242 467 3308 καί
488 3239 525 3308 τά
547 3237 762 3316 πλειονάζοντα
787 3238 851 3330 ἱερά
872 3241 950 3308 ἔστω
971 3246 1027 3308 τῶν
1050 3246 1137 3308 θεῶν.

391 3339 622 3430 Ἀκοσμούντων.
650 3337 742 3412 Ὅταν
766 3344 798 3412 δὲ
822 3348 854 3410 αἱ
869 3347 975 3411 θυσίαι
988 3345 1040 3410 καί
1054 3344 1092 3410 τά
1108 3342 1256 3432 μυστήρια
1271 3371 1348 3412 συν-

247 3469 280 3520 40
302 3452 447 3532 τελεῖται,
479 3444 627 3536 εὐφαμεῖν
649 3444 770 3534 πάνΙτας
797 3447 850 3514 καὶ
873 3443 993 3514 ἀκούειν
1015 3453 1071 3514 τῶν
1093 3452 1347 3536 παραγγελλομέ-

302 3579 377 3637 νων,
408 3550 457 3619 τόν
485 3552 519 3617 δὲ
544 3548 728 3619 ἀπειθοῦντα
748 3546 769 3638 ἢ
793 3548 930 3639 ἀπρεπῶς
956 3547 1214 3640 ἀναστρεφόμενον
1242 3555 1285 3625 εἰς
1307 3552 1346 3621 τὸ

302 3659 386 3723 θεῖον
403 3650 605 3741 μαστιγοόντω
622 3658 651 3721 οἱ
668 3655 741 3741 ἱεροί
760 3653 765 3742 Ι
784 3654 838 3721 καί
853 3651 1070 3721 ἀποκωλυόντω
1085 3658 1141 3719 τῶν
1158 3656 1342 3742 μυστηρίων.

303 3798 346 3808 -
367 3755 595 3846 Ῥαβδοφόρων.
635 3755 842 3847 Ῥαβδορόροι
875 3759 908 3824 δέ
940 3759 1074 3823 ἔστωσαν
1104 3761 1138 3824 ἐκ
1165 3762 1221 3823 τῶν
1257 3760 1345 3845 ἱερῶν

304 3863 401 3928 εἴκοσι
421 3861 473 3927 καί
495 3859 725 3950 πειθαρχοόντω
747 3865 809 3936 τοῖς
832 3857 1055 3946 ἐπιτελοόνΙτοις
1070 3858 1109 3926 τά
1126 3856 1275 3945 μυστήρια
1290 3863 1346 3927 καὶ

305 3967 477 4051 ἐπιμέλειαν
500 3960 624 4053 έχόντω,
650 3959 731 4040 όπως
754 3961 948 4054 εὐσχημόνως
970 3963 1023 4029 καί
1046 3960 1193 4038 εὐτάκτως
1213 3959 1270 4028 ὐπὸ
1285 3967 1345 4031 τῶν

303 4071 590 4156 παραγεγενημένων
612 4064 709 4136 πάντα
730 4072 863 4157 γίνηται,
896 4065 997 4141 καθῶς
1020 4060 1055 4133 ἀν
1075 4066 1080 4155 Ι
1098 4068 1349 4155 παραγγέλλωντι

306 4175 334 4238 οἱ
357 4171 406 4238 έπὶ
427 4168 539 4239 τούτων
561 4176 749 4260 τεταγμένοι,
779 4170 846 4246 τούς
875 4171 908 4236 δὲ
935 4167 1132 4244 ἀπειθοῦντας
1160 4165 1179 4256 ἢ
1205 4167 1347 4256 ἀπρεπῶς

305 4272 581 4364 ἀναστρεφομένους
605 4271 819 4363 μαστιγοόντω.
856 4271 910 4342 Ἂν
934 4278 967 4341 δέ
989 4301 1033 4348 τις
1054 4279 1110 4340 τῶν
1138 4270 1346 4361 ραΙβδοφόρων

307 4375 347 4466 μή
376 4382 456 4446 ποιεῖ
482 4378 583 4454 καθὼς
610 4382 777 4466 γέγραπται
804 4373 823 4465 ἢ
852 4370 926 4446 ἀλλο
954 4403 982 4443 τι
1012 4374 1109 4443 ἀδικεῖ
1136 4370 1156 4463 ἢ
1184 4378 1266 4441 ποιεῖ
1294 4379 1345 4444 έπί
