2932 5040
134 273 198 337 354
544 276 677 329 Addenda
694 279 723 326 et
740 276 910 341 corrigenda.

134 476 204 546 465
242 476 309 565 Κλη
333 482 443 545 literas
465 483 605 545 nummis
620 482 793 563 impressas
808 482 957 545 Clitorem
973 483 1138 564 oppidum
1155 482 1323 565 significare

242 584 365 666 primus
387 586 470 649 vidit
499 605 537 646 ns
559 586 868 666 Ριοιιιιειιιι-Οιτιιιι,
899 587 1083 648 Denksohr.
1118 587 1205 648 kais.
1218 633 1221 637 .
1235 584 1321 647 acad.

242 687 417 768 phil.-hist.
432 691 457 752 V
477 687 580 769 (Wien
596 689 691 771 4856)
711 709 744 770 p.
760 688 821 751 276
837 708 902 771 sq.,
921 688 979 770 qui
996 689 1080 754 tales
1098 708 1249 752 nummos
1264 690 1323 769 ipse

242 791 276 852 in
298 790 364 853 solo
387 791 514 855 Clitoris
536 792 654 855 veteris
677 792 831 873 repperit.
957 853 960 858 .

136 1029 207 1097 470
222 1054 242 1095 o
277 1033 431 1095 Nummus
461 1031 585 1095 ferreus
610 1034 743 1115 originis
765 1033 904 1096 incertae
928 1033 1069 1115 imagine
1094 1035 1258 1096 Minervae
1279 1052 1323 1094 or-

276 1142 383 1197 natus.

615 1231 632 1319 i
639 1235 836 1323 theoettov).

137 1397 174 1458 U.
196 1395 343 1472 Kosnnsn,
367 1393 489 1455 Mitteii.
513 1393 598 1455 aroh.
624 1395 701 1455 lnst.
716 1395 769 1457 Vll
789 1392 892 1476 (4882)
919 1413 953 1475 p.
973 1392 1045 1454 377
1069 1413 1146 1474 sqq.
1196 1394 1318 1474 Literae,

138 1516 220 1579 quae
242 1515 260 1559 a
283 1495 394 1559 dextra
416 1494 457 1556 ad
478 1496 640 1561 sinistram
662 1504 819 1577 speotant,
845 1497 879 1556 in
907 1516 1042 1566 nummo¹
1060 1496 1213 1578 robigine
1236 1497 1320 1561 adeso

135 1618 199 1662 non
228 1598 321 1661 iaoile
355 1597 597 1679 dignoscuntur.
650 1599 785 1661 Koehler
817 1607 924 1661 narrat
958 1600 997 1663 de
1032 1600 1193 1663 Salletum
1228 1603 1320 1683 primo

134 1703 202 1765 loeo
230 1720 292 1764 non
325 1697 351 1759 Η
383 1699 441 1763 sed
471 1698 509 1764 34
541 1720 712 1783 agnoscere
741 1701 804 1764 sibi
835 1703 941 1765 visum
974 1722 1058 1766 esse.
1116 1705 1190 1784 lpse
1224 1715 1316 1786 putat,

135 1812 172 1866 ut
197 1803 237 1867 de
266 1801 392 1865 nomine
422 1803 508 1884 quod
537 1806 579 1866 sit
607 1801 724 1888 Γελῷοι
752 1804 945 1868 adieetivum
975 1801 1127 1877 Γελοαῖος
1155 1807 1264 1888 (supra
1289 1827 1317 1869 ιι.

137 1905 223 1989 496),
249 1905 293 1969 ita
316 1904 355 1967 de
377 1906 505 1967 nomine
529 1905 615 1988 quod
637 1908 679 1969 sit
693 1900 859 1992 ‘proqioo
877 1907 987 1990 (supra
1005 1929 1039 1971 n.
1058 1910 1124 1970 868
1141 1931 1217 1972 oum
1230 1909 1315 1989 Add.)

135 2009 252 2074 iaotum
268 1995 345 2072 ⁸esse
367 2007 558 2072 adieetivum
575 2004 751 2096 Ἡραοαῖος.
797 2012 907 2092 Neque
933 2012 1020 2073 enim
1049 2012 1139 2075 huno
1162 2032 1318 2075 nummum

135 2110 323 2176 dissimilem
350 2131 420 2174 esse
448 2113 587 2175 nummis
615 2115 774 2195 argenteis
797 2115 935 2176 Heraeae
964 2113 1078 2196 oppidi
1101 2113 1261 2194 Arcadici,
1285 2116 1318 2179 do

136 2214 256 2296 quihus
278 2214 380 2296 egerit
393 2214 488 2293 weil,
507 2216 656 2277 Zeitsohr.
676 2216 698 2277 i.
717 2218 808 2278 Num.
823 2218 877 2278 Vll
891 2237 925 2297 p.
943 2215 1008 2278 367
1025 2236 1101 2299 sqq.
1124 2217 1194 2300 (qui
1213 2219 1320 2300 signati

136 2327 211 2382 sunt
237 2313 321 2379 ΕΡΑ
343 2318 396 2380 vel
420 2311 516 2378 ΕΡΑΙ
546 2318 674 2400 literis).
721 2318 856 2381 Koehier
883 2318 961 2381 dieit
989 2319 1168 2402 imaginem
1198 2340 1318 2384 nummo

135 2421 322 2502 impressam
337 2420 479 2484 ineuntis
494 2423 599 2502 quarti
614 2421 715 2484 seouli
735 2441 808 2492 osse¹
823 2421 885 2484 sibi
900 2420 1016 2502 videri,
1036 2422 1206 2486 literarum
1222 2433 1319 2486 auum

137 2521 252 2587 iormas
274 2523 466 2587 vetustiores
488 2543 570 2587 esse.
