2932 5040
184 272 225 332 40
659 266 742 317 Tituli
758 267 894 317 Messenii.
1290 263 1339 328 [47
1350 288 1388 303 -

292 473 542 559 βουλευέσθωσαν
558 471 586 536 oi
606 469 611 556 Ι
631 466 776 556 σύνεδροι,
799 469 840 557 μὴ
858 470 1090 556 percuriosus<
1106 468 1155 536 ἐπὶ
1169 465 1341 558 ruralium-

223 595 271 646 190
294 601 341 641 σει
361 579 417 642 τῶν
441 575 611 660 μυστηρίων
635 573 751 659 μΙηΙθὲν
779 578 834 639 τῶν
856 571 936 639 κατὰ
956 570 989 640 τὸ
1013 569 1212 660 διάΙγραμμα·
1245 576 1276 639 εἰ
1300 572 1340 638 δὲ

221 698 270 750 195
294 677 347 767 μή,
372 676 405 745 τὸ
426 677 430 765 Ι
449 677 564 765 γραφὲν
580 673 684 751 ἀτελὲς
698 677 786 760 ἔστω,
811 676 816 765 Ι
834 673 867 743 τὸ
884 677 917 742 δὲ
934 674 1109 764 διάγραμμα
1125 673 1237 765 κόριΙΙον
1252 676 1339 742 ἔστω

292 787 335 857 εἰς
356 779 454 848 πάντα
475 779 524 847 τὸν
546 781 550 868 Ι
569 777 688 868 χρόνον.

186 945 309 1019 Sinera,
329 940 387 1002 Die
402 938 721 1022 Mysterieninschriit
735 957 798 1000 von
813 936 968 1017 Andania,
987 940 1057 1000 Ber.
1071 938 1250 1001 Geswiss.
1266 939 1384 1020 Gottg.

187 1047 268 1106 4859
292 1064 326 1124 p.
350 1041 413 1106 247
436 1063 509 1124 sqq.
557 1045 695 1104 40440444
718 1041 805 1122 apud
827 1043 866 1101 Lu
889 1043 946 1102 ms
968 1043 1044 1122 Voy.
1071 1041 1156 1104 arob.
1180 1042 1208 1100 ll
1230 1060 1265 1102 n.
1284 1042 1386 1104 3260

189 1148 324 1229 (Explic.
350 1167 382 1227 p.
404 1147 459 1206 464
485 1144 582 1227 sqq.).
608 1145 797 1206 —Titulus
819 1143 995 1224 inscriptus
1018 1152 1067 1206 est
1090 1143 1225 1206 duarum
1248 1144 1386 1208 tabula·

184 1270 257 1312 rum
279 1249 426 1330 partibus
449 1248 594 1312 adversis
612 1257 644 1310 et
658 1246 799 1310 dexteris
814 1246 986 1322 lateribus;
1013 1248 1046 1306 in
1063 1247 1273 1309 commissura
1288 1249 1386 1328 prio-

184 1355 230 1416 ris
254 1361 285 1414 et
306 1352 491 1433 posterioris
514 1351 698 1413 tabularum
721 1349 784 1412 duo
812 1369 925 1411 versus
952 1347 1001 1430 (53
1026 1369 1075 1431 sq.
1100 1377 1143 1403 =
1164 1349 1204 1408 55
1227 1349 1292 1432 sq.)
1322 1371 1387 1431 per

186 1474 325 1518 errorem
338 1453 492 1535 lapicidae
508 1453 615 1516 iterati
631 1462 717 1515 sunt.
734 1487 779 1498 —
789 1453 846 1514 Est
861 1454 1045 1515 constitutio
1062 1471 1224 1515 sacrorum
1235 1453 1382 1534 Cereris,

185 1561 328 1640 Hagnae,
358 1557 515 1637 Mercurii,
540 1555 698 1637 Apollinis
721 1555 849 1635 (1544454,
884 1575 1070 1636 magnorum
1093 1556 1226 1619 deorum
1254 1553 1386 1637 (Samo-

185 1659 407 1742 thraciorum),
446 1679 528 1741 quae
557 1657 720 1721 Andaniae
752 1658 1007 1720 celebrabantur.
1053 1659 1131 1720 Eam
1160 1659 1276 1720 iactam
1308 1680 1386 1724 esse

186 1786 215 1827 5.
243 1765 281 1824 03
306 1785 335 1826 5.
362 1763 434 1825 Chr.
459 1770 552 1842 putat
579 1763 722 1842 Sauppe,
755 1782 784 1824 a.
811 1762 845 1821 04
879 1763 1026 1837 Foucart;
1067 1760 1242 1843 ambigitur
1276 1763 1382 1844 enim,

186 1887 252 1949 quo
273 1865 462 1928 referendus
486 1866 527 1926 sit
550 1882 702 1926 numerus
725 1865 800 1926 anni
817 1864 869 1942 55,
897 1866 952 1945 qui
969 1874 1231 1927 commemoratur
1253 1885 1308 1926 vv.
1326 1867 1382 1930 40.

186 1971 240 2031 52.
271 1969 324 2029 92.
381 1968 542 2030 Dialeotus
575 1965 729 2028 nonnulla
762 1967 897 2047 vestigia
934 1966 1159 2029 dominationis
1191 1964 1387 2032 Aetolorum

187 2071 338 2151 servavit,
366 2091 394 2133 e.
414 2091 445 2152 g.
463 2063 615 2155 εὐσεβέως
631 2070 663 2146 5,
688 2062 903 2140 ἐπιτελούντοις
927 2071 979 2132 44.
1026 2070 1073 2132 Gi.
1092 2070 1132 2133 de
1147 2068 1382 2152 Wilamowitz‚

187 2175 337 2237 Zeitsohr.
364 2175 387 2237 s.
414 2176 668 2256 Gymn.-Wesen
693 2170 769 2232 4874
799 2192 832 2252 p.
859 2173 933 2236 654.

241 2286 244 2291 ’
273 2281 312 2340 tl
345 2274 372 2337 Ν
404 2279 496 2340 444545
519 2276 635 2339 deleta.
665 2310 709 2321 —-
741 2276 781 2336 25
806 2269 979 2338 ΑΛΛΟΣ.
1013 2311 1056 2320 -
1085 2272 1126 2336 37
1150 2267 1299 2360 ὖδράναςε
1339 2278 1384 2340 oi.

186 2381 378 2464 Hesychius:
405 2374 536 2465 ὖδράνη·
561 2374 594 2442 τὸ
618 2374 782 2464 ἀκραιφνὲς
805 2375 857 2440 καὶ
879 2374 1027 2464 καθαρόν.
1041 2415 1085 2422 -
1101 2380 1138 2439 44
1164 2373 1389 2442 ΑΔΙΚΟΙΗ-

190 2480 329 2547 ΠΟΙΟΙ.
358 2520 402 2529 -
429 2484 468 2543 50
497 2478 608 2542 ΤΗΝ.
638 2518 681 2526 -
708 2483 747 2542 65
776 2480 808 2542 Σ
839 2482 932 2543 444545
954 2481 1070 2544 delete.
1099 2516 1142 2525 -
1172 2483 1211 2541 86
1244 2477 1252 2542 Ι
1284 2482 1389 2548 444545

187 2588 304 2651 (404045.
326 2622 370 2631 -
393 2587 453 2646 404
480 2580 522 2645 ΠΙ
546 2583 658 2646 4445455
681 2585 816 2648 deletae.
841 2619 886 2628 -
909 2586 969 2644 406
992 2575 1112 2667 ἤλημαι
1139 2604 1258 2646 novum
1282 2605 1390 2650 44005-

187 2692 310 2769 bulum‚
339 2689 426 2770 quod
448 2690 581 2750 Foucart
605 2687 701 2748 vertit
721 2688 920 2749 »reservoir«.
945 2722 988 2731 —
1017 2689 1071 2748 444
1106 2685 1114 2749 4
1142 2688 1235 2749 444545
1256 2687 1389 2758 deleta.

187 2829 231 2838 -
255 2791 315 2853 476
341 2786 544 2871 ΠΑΝΤΕΣ,
571 2790 646 2853 444445
670 2789 698 2852 οἱ
722 2789 796 2852 δέκα
818 2782 926 2861 πάντες
949 2791 1077 2871 scripsit
1099 2793 1242 2853 Foucart.

629 3067 938 3075 -———..-———-·

406 3270 470 3352 Ill.
509 3267 634 3352 Tituli
660 3270 832 3372 Argolici
859 3272 899 3352 et
925 3270 1155 3372 Aeginetici.

273 3461 409 3543 Argivos
431 3480 495 3522 non
518 3460 630 3523 eadem
652 3460 817 3522 literatura
839 3479 914 3522 usos
933 3480 1003 3524 esse
1020 3469 1117 3540 atque
1132 3460 1278 3522 civitates
1303 3482 1390 3543 pro-

187 3565 272 3627 xime
288 3565 440 3626 finitimas
456 3563 686 3626 demonstravit
699 3563 863 3625 Kirchhoff
874 3563 987 3643 Alph.³
1001 3565 1054 3624 83.
1071 3563 1142 3624 450.
1177 3561 1386 3643 Aegineuses

188 3667 320 3750 quidem
342 3667 431 3729 nulla
453 3686 487 3728 re
510 3667 574 3728 nisi
592 3665 693 3728 4044445
714 3666 732 3727 4
754 3666 866 3726 4445450
882 3665 922 3727 ab
937 3664 1128 3747 Argivorum
1144 3667 1385 3734 consuetudine

188 3769 351 3833 scribendi
373 3769 575 3832 differebant.
622 3769 867 3830 Hermioueuses
893 3777 1000 3831 autem
1027 3788 1159 3849 prorsus
1182 3769 1244 3831 alia
1266 3769 1386 3836 litera·

188 3884 261 3935 tura
287 3873 339 3935 usi
370 3882 460 3952 sunt,
493 3891 609 3952 nempe
639 3870 749 3933 eadem
778 3890 841 3951 qua
864 3872 1116 3948 Lacedaemonii;
1157 3890 1263 3952 neque
1284 3873 1385 3938 aliter

188 3977 289 4038 4444555
319 3974 353 4036 444
381 3975 516 4056 reliquis
545 3974 729 4037 civitatibus
751 3974 927 4053 maritimis
955 3975 989 4035 in
1010 3972 1155 4055 Argolica
1186 3974 1256 4036 sitis
1286 3985 1385 4055 putat

188 4078 350 4140 llirchhoff
369 4078 392 4141 4.
410 4078 433 4140 4.
453 4079 524 4140 452.
564 4078 676 4158 ltaque
700 4076 831 4156 cogitari
853 4085 957 4156 potest
980 4078 1075 4140 etiam
1098 4077 1270 4140 dialectum
1283 4075 1384 4160 Argi-

188 4200 302 4243 vorum
333 4180 426 4244 aliam
456 4181 555 4243 luisse
589 4187 687 4260 atque
716 4179 893 4265 civitatium
921 4180 1139 4242 finitimarum.
1192 4178 1314 4251 Quodsi
1345 4183 1382 4247 444

187 4285 281 4346 4444440
317 4284 538 4346 Hermionensi
576 4281 743 4343 literatura
776 4282 880 4343 lonica
917 4283 1035 4362 scripto
1072 4301 1104 4344 n.
1131 4283 1169 4342 60
1209 4284 1383 4362 genetivus

191 4386 228 4447 ll.
255 4385 335 4450 decl.
362 4389 395 4448 in
426 4408 474 4445 -o
504 4386 587 4464 exit,
626 4386 703 4447 baeo
733 4404 828 4447 causa
856 4404 919 4445 non
949 4394 998 4446 est
1026 4404 1084 4447 cur
1111 4393 1263 4464 putemus
1289 4389 1382 4466 apud
