2932 5040
82 319 116 328 ..
129 292 188 354 26⁷]
560 290 641 340 Tituli
660 290 778 340 Achaici.
1199 290 1259 351 185

82 380 380 388 -—.-—..-.—-
1043 380 1258 386 --.--—-—-—

83 519 152 562 eam
174 499 277 580 legem
299 497 435 577 adeptus
457 507 515 577 est,
541 508 577 558 ut
599 516 707 559 omnes
729 521 747 559 c
768 496 879 559 literae
901 498 934 558 in
958 498 1020 558 fine
1035 497 1261 560 vocabulorum

83 603 204 684 positae
226 602 259 663 in
284 623 300 685 p
323 607 460 662 mutatae
484 600 558 662 sint.
606 600 740 662 Psilcsin
768 600 887 662 veteris
916 599 1043 662 dialecti
1070 601 1164 663 Eleae
1187 620 1261 680 prc-

83 706 185 787 priam
207 724 268 767 non
293 712 449 768 servatam
471 723 541 766 esse
565 704 619 765 vix
640 703 836 784 putaverim
862 722 935 765 nam
956 698 1062 788 καθῶρ
1088 704 1138 764 ll.
1158 701 1198 765 27
1221 723 1260 765 ex

84 828 227 872 sermone
255 808 375 888 volgari
404 805 533 887 irrepsit
563 806 672 870 eadem
702 806 838 886 ratione,
870 826 964 886 quam
987 807 1096 869 videre
1124 807 1199 869 licet
1228 807 1260 867 in

84 912 187 974 titulis
209 911 379 973 Lesbiacis

170 1017 188 1074 8
205 1007 403 1098 ἐπανιτακώρε
433 1014 545 1076 subest
570 1007 642 1075 ἰτάω
665 1012 798 1074 verbum
814 1012 1101 1094 frequentativum
1121 1014 1161 1075 cl.
1180 1014 1262 1076 εἶτα·

84 1117 163 1181 κεῖν·
193 1117 385 1202 ἐληλυθέναι,
418 1118 551 1198 Hesych.
580 1152 623 1163 —-
653 1117 671 1175 8
698 1115 846 1199 πλείονερ,
879 1115 918 1177 67
941 1110 1082 1201 χάριτερε
1116 1117 1262 1179 similiter

85 1243 169 1284 nom.
184 1243 241 1303 pro
264 1242 328 1283 acc.
347 1220 470 1302 positus
492 1228 540 1282 est
562 1221 595 1281 in
617 1219 711 1282 titulo
733 1217 865 1282 Achaico
889 1240 920 1282 n.
940 1218 1013 1282 267.
1031 1256 1074 1264 —
1089 1220 1127 1280 33
1145 1214 1262 1303 ποήασ-

86 1348 149 1388 σαιε
176 1326 198 1386 i.
224 1346 251 1387 e.
277 1318 474 1408 ποιήσασθαι.
499 1359 543 1368 -
564 1325 604 1383 36
627 1316 788 1406 ποιήαταιῑ
816 1323 897 1386 coni.
917 1343 981 1385 aor.

1059 1481 1263 1488 -—-—.—-——-—.

87 1563 154 1631 266
190 1567 279 1629 Basis
300 1565 417 1647 lapidis
440 1564 565 1628 calcarii
588 1565 753 1646 Olympiae
777 1567 900 1627 effossa.

459 1716 594 1796 falletur
614 1716 620 1805 Ι
638 1716 706 1804 περὶ
728 1714 888 1804 ὁμοῐνοίαρ.

88 1880 138 1939 W.
160 1879 396 1957 Drrrrrarucra,
419 1873 511 1937 Arch.
536 1876 614 1938 Zeit.
639 1877 678 1936 34
708 1872 811 1957 (1876)
836 1896 869 1955 p.
894 1877 966 1956 2⁴9,
989 1877 1106 1938 lnschr.
1132 1895 1189 1937 aus
1211 1875 1261 1936 Ol.

89 2003 120 2042 n.
147 1982 198 2043 22.
231 2016 273 2026 -
305 1980 375 2041 Noli
411 1988 546 2042 aetatem
581 1979 677 2040 huius
706 1977 791 2040 tituli
825 1978 921 2041 nimis
954 1980 1116 2059 antiquam
1151 1987 1263 2059 putare

88 2093 218 2165 propter
235 2102 339 2148 ¹usum
369 2081 529 2163 digammi.
592 2084 668 2145 Nam
697 2082 778 2143 hanc
815 2081 939 2143 literam
969 2082 1001 2143 in
1035 2082 1104 2162 ipsc
1138 2082 1264 2142 nominc

88 2187 235 2249 Eleorum
263 2185 440 2248 diutissime
464 2195 620 2248 servatam
644 2204 714 2248 esse
738 2185 850 2246 docent
873 2185 992 2246 nummi
1020 2186 1120 2247 seculi
1143 2205 1171 2246 a.
1190 2185 1261 2247 Chr.

90 2289 232 2369 secundi,
262 2289 380 2369 quibus
409 2288 560 2369 inscripta
587 2296 663 2350 sunt
694 2284 802 2369 ΡΑΛ,
831 2283 1024 2349 ΡΑΛΕΙΩΝ
1056 2290 1106 2349 vel
1129 2288 1261 2364 similia;

90 2392 130 2453 cl.
149 2393 242 2472 Weil,
268 2391 416 2454 Zeitschr.
442 2391 464 2452 f.
490 2392 643 2454 Numism.
661 2392 713 2454 Vll
742 2390 844 2471 (1880)
870 2411 903 2471 p.
925 2392 996 2452 lte.

523 2685 829 2694 ——————--—-—

459 2905 552 2988 lllll.
592 2906 716 2990 Tituli
743 2907 901 2990 Achaici

405 3070 440 3137 et
466 3063 682 3138 coloniarum
708 3063 954 3137 Achaicarum.

506 3249 537 3315 l.
571 3249 684 3316 Tituli
705 3247 859 3315 Achaici.

92 3388 159 3455 266
196 3392 230 3450 ln
253 3390 375 3454 casside
398 3389 431 3451 in
452 3387 573 3470 Alpheo
595 3398 733 3470 reperta.

549 3539 638 3614 Ζενός
659 3537 805 3607 Ὀλυνπίο.

92 3703 166 3765 GlG.
184 3702 236 3762 30.
263 3700 339 3762 lGd.
361 3700 432 3761 623.
459 3735 498 3745 -
520 3699 615 3760 Roehl
640 3707 745 3760 monet
766 3700 954 3779 scripturam
978 3700 1062 3760 tituli
1087 3718 1156 3760 cum
1180 3699 1267 3761 nulla

91 3804 152 3865 alia
175 3821 348 3884 congruere
371 3801 434 3864 nisi
456 3823 527 3864 cum
550 3802 682 3866 Achaica
705 3822 744 3863 ex
767 3803 869 3863 titulis
891 3802 1083 3864 coloniarum
1107 3810 1190 3862 nota.

91 4042 158 4109 267
196 4043 262 4106 Pila
284 4044 426 4125 calcaria,
453 4064 535 4124 quac
558 4051 662 4104 exstat
684 4043 766 4104 inter
787 4043 902 4106 rudera
925 4044 1018 4143 Oleni
1041 4042 1161 4123 oppidi.

668 4194 694 4258 A

295 4312 361 4381 Ἐπὶ
383 4312 529 4381 θεοκόλου
550 4311 763 4403 Ἀριστολαΐδα,
787 4314 792 4402 l
816 4312 984 4402 βουλάρχου
1006 4314 1064 4381 Τι-

298 4416 470 4505 μοκράτεος,
487 4416 655 4506 ἣπροστάτα
670 4415 824 4504 Militiae,
841 4420 1064 4506 Ιγραμματιστᾶ
