2932 5040
134 274 195 337 204
610 273 691 323 Tituli
709 273 838 323 Bocotlol.
998 328 1000 333 ,
1229 273 1286 337 [333
1297 301 1326 311 ..

134 481 283 543 Onasimo
306 479 453 542 archonte
473 477 515 561 (v.
533 477 584 562 22)
605 480 792 542 solveretur.
824 479 924 542 Cuius
946 481 995 542 rei
1016 479 1248 543 vadimonium
1270 500 1325 561 po-

133 583 281 647 lemarchi
305 582 585 645 Orchomeniorum
615 583 658 646 613
681 590 908 663 susceperunt,
934 591 971 645 ut
993 584 1059 664 ipsi
1082 593 1254 665 tamquam
1275 584 1326 647 do-

133 688 252 750 bitores
267 687 429 749 Nicaretae
448 686 654 768 haberentur,
681 687 801 768 quibus
823 705 860 749 ea
881 686 963 749 hanc
984 687 1166 768 pecuniam
1190 687 1261 750 sino
1283 687 1325 749 ie-

134 810 210 852 nore
243 787 293 870 (97
325 780 441 871 ἄτοκον)
475 787 515 851 ad
544 787 629 850 diem
663 790 867 851 constitutam
895 787 1100 852 credidisset.
1157 791 1225 853 lam
1259 809 1324 852 cum

137 894 214 954 haec
236 890 305 953 dies
328 889 463 971 adesset,
490 892 632 954 Nicareta
656 892 886 954 Orchomenum
912 891 1055 972 profecta
1078 893 1267 974 pecuniam,
1291 893 1325 955 de

135 1015 198 1078 qua
221 996 304 1056 inter
326 1014 395 1058 eam
417 1003 449 1056 31
471 993 632 1057 civitatem
661 1002 867 1075 convenerat,
894 995 1001 1076 exegit
1025 993 1071 1076 (v.
1098 995 1172 1080 45).
1219 997 1323 1078 Neque

134 1097 326 1181 polemarchi
348 1096 563 1160 vadimonium
585 1096 807 1178 deseruerunt,
834 1096 891 1160 sed
914 1099 1016 1158 18833
1042 1098 1218 1162 drachmas
1241 1101 1320 1181 apud

135 1203 301 1268 Pistoclem
323 1202 517 1263 mensorium
532 1200 677 1281 Thespiis
699 1201 895 1263 habitantem
914 1201 1080 1264 Nicaretae
1102 1203 1323 1266 transcriben-

135 1304 192 1367 das
216 1313 407 1367 curaverunt
435 1303 475 1386 (v.
496 1305 556 1364 169
578 1304 679 1386 sqq).
726 1303 851 1365 Annum
875 1303 1017 1365 Onasimi
1039 1303 1209 1369 archontis
1231 1309 1323 1369 Boeo-

135 1418 250 1487 torum,
271 1408 442 1489 Polycratis
463 1411 502 1484 (v.
523 1408 564 1467 54
581 1406 644 1489 sq.)
664 1408 825 1469 archontis
847 1407 1141 1490 Orchomeniorum,
1163 1429 1228 1491 quo
1251 1410 1322 1472 haec

136 1531 187 1574 res
210 1520 279 1574 acta
300 1520 359 1591 331,
386 1510 485 1572 136333
513 1511 596 1574 intra
627 1530 726 1572 annos
750 1511 918 1573 333-193
941 1510 1156 1591 probabiliter
1180 1514 1323 1594 exposuit

135 1618 267 1678 Foucart
289 1614 312 1675 l.
330 1614 352 1675 l.
370 1615 408 1676 lV
427 1634 459 1694 p.
480 1614 531 1674 ll.
550 1614 602 1674 88.
629 1612 676 1674 Cf.
695 1612 787 1675 adn.
806 1615 879 1677 293.

224 1719 262 1778 16
286 1715 427 1795 tribues,
455 1717 514 1778 ⁴35
539 1715 706 1780 ἐπίθωσανῑ
732 1712 831 1780 uidcor
853 1718 875 1779 i.
895 1715 1053 1798 13331113,
1081 1717 1123 1780 31.
1147 1719 1239 1782 31333
1262 1720 1319 1782 1.1.

138 1824 210 1883 668.
229 1856 272 1866 -
296 1821 335 1880 48
359 1816 543 1901 ·ΑΤΑ···,
571 1821 794 1902 supplementa
809 1842 861 1883 vv.
882 1822 935 1883 48.
954 1822 993 1882 49
1012 1819 1205 1885 dubitanter
1219 1822 1319 1903 posui.

136 1961 179 1971 —
195 1922 234 1985 57
252 1918 484 2007 healtoivcolhlq:
510 1926 532 1986 i.
544 1945 576 2007 q.
592 1917 806 2010 διαγράψασθη
823 1926 875 1988 22.
892 1958 936 1970 -
951 1926 990 1987 62
1004 1944 1054 2006 sq.
1075 1924 1128 1986 67.
1150 1923 1205 1988 71.
1225 1927 1263 1987 73
1277 1945 1320 2007 sq.

137 2024 173 2092 τὰ
188 2023 328 2113 γράματα
348 2028 477 2109 scripsit
491 2029 633 2107 Meister;
660 2049 766 2110 neque
789 2027 906 2091 desunt
928 2028 1076 2109 exempla
1098 2029 1321 2110 geminationis

138 2133 300 2196 literarum
329 2152 347 2193 3
374 2131 498 2194 3333163
521 2133 654 2195 omissae
683 2130 817 2212 (Meister
838 2131 918 2193 Dial.
942 2133 955 2191 l
976 2150 1007 2211 p.
1025 2128 1116 2213 267).
1167 2133 1232 2196 Sed
1254 2153 1319 2195 oum

136 2259 179 2298 ππ
200 2236 311 2298 literae
334 2244 446 2316 ectypo
471 2237 664 2297 Stomatacae
687 2235 888 2298 confirmatae
918 2235 982 2296 sint
1009 2234 1219 2316 (quamquam
1242 2239 1319 2298 Fou-

137 2350 203 2403 oart
225 2358 288 2401 non
311 2338 402 2419 dixit,
429 2358 505 2400 num
528 2338 678 2401 omnibus
701 2348 837 2420 quatuor
858 2338 962 2421 13363),
996 2357 1051 2400 333
1073 2346 1201 2402 mutare
1224 2340 1318 2402 nolui.

137 2443 184 2506 cf.
210 2435 419 2512 Γυνόππαστος
441 2444 574 2522 Tanagr.
593 2461 624 2502 n.
645 2442 717 2522 363,
737 2443 767 2504 2.
815 2441 1066 2503 Geminationem
1094 2439 1264 2506 literarum
1290 2443 1320 2503 in

139 2547 345 2608 commissura
368 2544 594 2607 vocabulorum
625 2544 738 2608 iactam
768 2544 867 2606 habes
890 2545 986 2606 etiam
1008 2563 1041 2605 3.
1061 2544 1136 2623 409,
1157 2545 1209 2607 35.
1231 2546 1272 2606 36
1294 2555 1321 2606 31

136 2670 169 2710 3.
199 2651 251 2710 69.
309 2641 354 2710 Τὰ
381 2639 527 2730 occipere
558 2675 599 2701 =
629 2642 666 2709 τὰ
695 2642 833 2731 κτήματα
860 2627 987 2709 videtur
1017 2646 1200 2728 significare
1232 2657 1321 2730 33331

138 2752 293 2835 33333633
316 2750 453 2813 debitae.
478 2785 521 2794 -
544 2751 582 2810 63
608 2748 688 2813 Meo:
716 2749 1082 2830 61333333313131333,
1110 2745 1178 2813 broii
1201 2751 1323 2814 Meister

138 2856 218 2918 Dial.
238 2857 249 2915 l
273 2873 306 2934 p.
325 2854 403 2930 2753
437 2851 592 2934 quomodo
615 2852 714 2916 forma
738 2851 925 2935 explicanda
950 2853 1001 2933 sit,
1028 2854 1230 2934 grammatici
1253 2874 1323 2916 oer-

137 2968 216 3024 tant.
247 2992 290 3003 -
318 2958 356 3017 64
380 2953 511 3039 τεθμίωε
544 2956 713 3038 »depositi
748 2956 895 3029 orediti«;
927 2954 1011 3017 idem
1042 2955 1237 3019 vocabulum
1266 2957 1324 3020 3163

139 3060 367 3146 significatione
390 3079 422 3121 n.
442 3061 547 3122 229B
569 3060 620 3122 2l.
651 3095 695 3104 —
730 3058 770 3120 67
800 3051 973 3142 Σουννόμωτ
1010 3076 1126 3120 333133
1161 3063 1323 3142 proprium

138 3166 267 3248 agnovit
292 3163 427 3225 Meister.
455 3195 499 3207 -
535 3156 918 3245 73613333313333·
952 3154 1119 3245 διαγράψηε
1155 3164 1236 3226 11333
1263 3183 1323 3225 333

139 3268 300 3348 intellego,
326 3266 389 3327 nisi
411 3266 491 3326 forte
511 3268 642 3328 Foucart
664 3265 783 3327 erravit
805 3265 914 3327 dicens
936 3265 970 3325 in
992 3273 1104 3345 ectypo
1128 3266 1322 3329 Stomatacae

139 3371 238 3433 verba
271 3371 315 3431 ita
348 3368 514 3431 coniuncta
548 3388 636 3445 esse;
677 3367 877 3430 desideratur
917 3386 1070 3430 numerus
1105 3368 1323 3431 drachmarum

140 3474 245 3555 quinti
261 3471 372 3533 debiti.
390 3507 434 3517 —
448 3471 489 3533 78
506 3491 578 3552 sqq.
597 3471 781 3552 syngrapha
804 3471 872 3552 ipsa
896 3489 1040 3533 sermone
1063 3470 1187 3551 volgari
1211 3470 1321 3552 scripta

140 3585 188 3638 est
209 3575 351 3656 exceptis
373 3575 556 3637 nominibus
579 3577 719 3636 testium.
744 3609 787 3618 -
810 3575 850 3634 86
873 3567 1016 3650 Μνάσων,
1034 3569 1199 3644 Τελεσίαςε
1227 3574 1324 3635 nomi-

140 3679 268 3742 nativus
296 3698 353 3759 per
382 3678 604 3740 soloecismum
633 3677 767 3758 positus.
793 3714 836 3723 —
868 3678 926 3737 119
951 3670 1131 3761 Θεόφεστος,
1169 3677 1231 3737 167
1255 3670 1323 3739 Θιό-

140 3804 273 3868 φειστοςτ
307 3784 328 3844 ἰ.
360 3803 389 3844 e.
422 3774 586 3851 Θεόθεστος
617 3780 703 3842 idem
730 3781 913 3862 significans
943 3788 1038 3861 atque
1068 3776 1249 3864 Θεαίτητος,
1282 3778 1319 3841 31.

138 3888 227 3948 31333
250 3885 312 3947 1.1.
337 3920 381 3930 —
405 3885 463 3945 144
488 3880 579 3954 To}
603 3902 709 3946 errore
731 3885 912 3964 repetitum.
938 3917 981 3928 -
1005 3883 1065 3943 ⁴50
1089 3878 1274 3947 ἐσλιανάτωε
1299 3882 1319 3942 6.

141 4009 172 4070 q.
198 3983 393 4073 ἐξαλειψάτω,
420 3989 460 4051 31.
479 3988 566 4049 31333
590 3986 652 4048 1.1.
677 4022 720 4032 —
745 3987 802 4046 164
821 4005 912 4067 sqq.:
939 3987 971 4047 Si
995 3987 1109 4048 civitas
1131 3987 1321 4068 promissum

140 4111 202 4154 non
222 4092 425 4173 praestiterit,
445 4100 574 4171 cogetur
596 4098 629 4151 31
651 4098 746 4152 totam
769 4089 938 4170 pecuniam
962 4088 1102 4151 debitam
1125 4097 1158 4151 et
1180 4108 1261 4166 eam,
1286 4085 1322 4147 de

140 4215 203 4276 qua
227 4203 427 4273 convenerat,
447 4194 582 4256 solvere.
600 4228 643 4238 -
667 4193 726 4254 165
744 4182 855 4276 31113336
878 4213 911 4254 νυ
933 4189 1030 4254 inho:
1056 4192 1182 4255 »irritae
1204 4198 1321 4254 suntor

140 4300 185 4360 De
213 4320 248 4359 ao
277 4297 450 4378 particulae
479 4316 540 4358 usu
572 4296 611 4358 31.
637 4297 723 4359 31333
753 4298 773 4356 l.
798 4296 833 4376 1.,
860 4296 955 4357 lloehl
986 4295 1027 4358 ad
1054 4294 1131 4357 lGA.
1156 4294 1219 4354 666
1242 4290 1319 4355 Add.
