2932 5040
611 264 691 314 τιιοιι
711 266 847 316 messenii.
1047 254 1050 259 '
1305 266 1344 330 [ιτ

242 471 320 536 ἔστω
342 469 394 536 καὶ
416 466 433 535 ὑ
455 465 573 556 γράψας
595 465 783 534 ἀποτεισάτω
806 465 952 555 δραζχμὰς
975 472 1147 558 δισχιλίας,
1181 467 1307 557 ὁμοίως

243 573 351 639 δὲκαὶ
379 570 395 637 ὑ
423 574 550 657 ταμίας,
581 563 628 637 ’άτι
654 597 694 637 κα
722 567 884 654 ἐξοδιάσει,
915 575 1036 639 διπλοῦν
1063 572 1117 639 καί
1149 570 1305 663 δραχμάς

242 679 408 763 δισχιλίας,
439 674 492 741 καί
515 678 543 741 οί
570 673 709 740 δικασταὶ
738 671 778 759 μὴ
807 671 1000 761 ἀφαιρούντω
1027 677 1146 761 μηθέν,
1178 674 1305 743 καὶτὰ

185 797 218 849 65
239 782 385 846 πίπτοντα
404 778 408 865 Ι
428 783 463 844 ἐκ
484 782 594 844 ταυτῦιν
615 783 669 843 τᾶν
691 779 812 863 κρισίων
836 774 969 865 διάφορα
991 774 1157 867 ὑπαρχέτω
1177 783 1229 855 εἰς
1244 778 1304 846 τὰν

242 879 402 947 ἐπισκευάν
430 886 486 946 τῶν
514 885 545 946 ἐν
575 884 619 968 τῷ
648 879 853 968 Καρνειασίιρ.
894 872 987 946 Ὅταν
1016 881 1050 947 δὲ
1077 885 1304 949 ἑπιετελεσθεῖ

239 977 319 1050 ὑσων
341 986 431 1072 χρεία
454 983 517 1050 ἐστὶ
537 983 604 1049 ποτί
626 982 659 1049 τὸ
683 984 840 1070 συνΙτελεῖν
861 981 899 1049 τὰ
925 981 1089 1071 μυστήρια,
1119 982 1302 1075 ὑπαρχέτω

240 1084 279 1152 τὰ
307 1089 451 1153 πίπτοντα
480 1083 612 1175 διάφορα
642 1091 701 1152 τοῖν
735 1089 902 1172 μυστηρίων
936 1090 979 1161 είς
1010 1084 1064 1161 τὰς
1092 1093 1149 1163 τάς
1177 1085 1301 1166 πόλεος

242 1186 376 1263 ἐσόδους.

331 1289 477 1378 Θυμάτων
506 1297 654 1380 παροχᾰς.
708 1290 745 1358 Οἱ
774 1290 848 1378 ίεροί
876 1289 951 1377 μετὰ
976 1290 1010 1358 τὸ
1035 1292 1299 1382 καΙτασταθῆμεν

239 1393 475 1484 προκαριίξαντες
504 1393 632 1483 ἐγδάντω
660 1392 712 1460 τάν
738 1392 876 1482 παροχάν
903 1399 958 1462 τῶν
981 1391 1142 1480 θυμάτων,
1174 1391 1220 1464 ὧν
1247 1402 1299 1465 δεῖ

240 1495 370 1566 θύεσθαι
398 1500 451 1565 καί
477 1501 683 1586 παρίστασθαι
713 1502 743 1564 ἐν
771 1501 833 1571 τοῖς
863 1500 1050 1584 μυστηρίοις,
1086 1498 1142 1564 καί
1172 1497 1215 1566 τὰ
1248 1506 1296 1576 εἰς

238 1598 307 1676 τοὺς
327 1601 332 1689 Ι
351 1599 542 1689 καθαρμούς,
573 1598 752 1688 ἐγδιδόντες,
785 1594 820 1667 ἀν
842 1626 875 1665 τε
902 1603 985 1666 δοκεῖ
1012 1603 1159 1689 σονφέρον
1184 1601 1292 1690 εἶμεν,

239 1709 296 1790 εΙίςΙ
316 1705 350 1771 τὸ
373 1703 445 1772 αὐτὸ
467 1702 564 1771 πάντα
586 1701 623 1770 τά
649 1701 786 1789 θύματα,
819 1697 855 1768 ἀν
884 1729 917 1769 τε
938 1702 1015 1770 κατὰ
1045 1707 1151 1791 μέρος,
1182 1711 1233 1794 τῷ
1258 1707 1295 1775 τὸ

238 1806 398 1897 ἐλάχιστον
426 1806 620 1897 ὑφισταμένη)
646 1808 650 1896 Ι
676 1804 851 1895 λάμψεσθαι
879 1804 1035 1894 διάφορον.
1079 1801 1170 1875 Ἔστι
1199 1811 1240 1876 δὲ
1272 1806 1294 1878 ἃ

238 1916 285 1977 δεῖ
305 1915 450 2000 παρέχειν
471 1909 528 1998 πρὸ
550 1916 602 1978 τοῦ
625 1905 777 1999 ἀρχεσθαι
801 1915 857 1975 τιῦν
887 1913 1071 1997 μυστηρίων,
1103 1904 1201 1997 άρνας
1234 1911 1294 1982 δάο

182 2034 214 2084 70
237 2012 372 2099 λευκούς,
399 2015 447 2081 ἐπὶ
469 2020 522 2081 τοῦ
544 2017 706 2102 καθαρμοῦ
728 2012 810 2100 κριὸν
828 2007 964 2101 εῦχρουν,
990 2013 1043 2080 καὶ
1062 2006 1135 2081 θταν
1157 2014 1163 2103 Ι
1183 2021 1219 2083 ἐν
1245 2023 1294 2108 τῷ

237 2116 358 2208 θεάτρῳ
381 2121 538 2205 καθαίρει,
563 2120 735 2207 χοιρίσκους
757 2122 850 2204 τρεῖς,
877 2114 950 2204 ὑπὲρ
972 2115 1040 2190 τοῦς
1062 2115 1292 2204 πρωτομάστας

236 2217 327 2312 άρνας
356 2220 478 2306 ἑκατόν,
509 2227 540 2288 ἐν
564 2223 597 2287 δὲ
619 2226 657 2308 τᾷ
679 2226 784 2307 πομπᾷ
806 2218 946 2307 Δάματρι
969 2226 1021 2287 σῦν
1050 2223 1193 2307 ἐπίτοκα,
1220 2229 1293 2301 τοῖς

236 2328 269 2392 δὲ
293 2324 432 2414 μεγάλοις
453 2326 457 2414 Ι
477 2328 560 2399 θεοῖς
582 2322 711 2410 δάμαλιν
728 2328 809 2410 διετῦΙ
827 2330 890 2407 σῦν,
910 2321 1039 2411 Ἑρμᾶνι
1054 2320 1147 2411 κριόν,
1172 2322 1292 2395 Ἀπόλ-

235 2434 309 2495 λωνι
324 2429 466 2518 Καρνείῳ
489 2426 613 2515 κάπρον,
634 2425 724 2516 (Αγνᾷ
746 2422 803 2492 ὑϊν.
838 2424 872 2494 Ὁ
896 2428 929 2492 δὲ
952 2425 1146 2514 έγδεξάμενος
1170 2456 1292 2521 κατεγ-

234 2530 362 2620 γυεάσας
384 2532 452 2598 ποτὶ
474 2530 543 2605 τοὺς
567 2529 664 2618 ἱεροὺς
686 2531 811 2620 λαΙβέτω
834 2528 872 2596 τά
890 2528 1022 2618 διάφορα
1037 2531 1088 2597 καί
1102 2532 1290 2619 παριστάτω

233 2634 270 2704 τά
293 2632 415 2721 θύματα
438 2632 555 2721 εῦίερα,
589 2631 722 2721 καθαρά,
754 2631 905 2720 ῦλόκλαρα
932 2634 984 2700 καί
1012 2631 1191 2708 ἐπιδειξάτω
1216 2642 1290 2715 τοῖς

236 2743 325 2826 ἱεροῖς
348 2738 403 2825 πρὸ
419 2736 532 2825 ἁμερᾶν
549 2740 623 2803 δέκα
638 2743 694 2804 τιῦν
712 2741 890 2824 μυστηρίων,
916 2741 978 2810 τοῖς
998 2738 1003 2819 Ι
1024 2739 1057 2803 δὲ
1073 2742 1290 2824 δοκιμασθέν-

233 2868 295 2917 τοις
318 2846 443 2928 σαμεῖον
467 2839 653 2929 ἐπιβαλόντω
676 2845 704 2906 οἱ
729 2841 804 2928 ἱεροὶ
827 2840 938 2907 καὶτὰ
961 2843 1172 2927 σαμειωθέντα
1186 2870 1290 2932 παρι-

234 2943 331 3013 στάτω
354 2942 370 3011 δ
394 2941 598 3032 ἐγδεξάμενος.
642 2940 696 3010 Ἂν
720 2946 753 3010 δὲ
777 2943 816 3030 μη
839 2949 969 3032 παριστᾷ
996 2945 1044 3011 ἐπὶ
1065 2942 1118 3010 τάν
1142 2949 1286 3033 δοκιμα-

235 3051 320 3135 σίΙαν,
339 3045 516 3136 πρασσόντω
532 3051 559 3113 οἱ
576 3047 650 3135 ἱεροί
665 3046 733 3122 τοῦς
749 3045 871 3134 ἐγγύους
888 3044 1028 3114 αὐτὸκαὶ
1050 3046 1083 3114 τὸ
1104 3040 1212 3134 ἥμισυ,
1243 3049 1286 3119 τά

234 3153 267 3217 δὲ
285 3149 408 3238 θύματα
431 3148 517 3218 αὑτοὶ
538 3147 725 3239 παρεχάντω,
751 3149 803 3216 καί
826 3148 884 3216 ἀπὸ
907 3153 963 3215 τῶν
986 3153 1182 3239 πραχθέντων
1208 3155 1287 3221 δια-

176 3274 209 3325 75
233 3253 334 3345 φόρων
364 3252 598 3341 κομισάσθωσαν
624 3255 629 3342 Ι
654 3252 706 3321 τάν
734 3257 896 3342 γενομέναν
927 3251 1062 3320 δαπάναν
1091 3258 1134 3328 είς
1156 3253 1196 3320 τά
1219 3256 1286 3325 θό-

234 3385 324 3445 ματα.
344 3397 387 3408 -
402 3359 546 3447 Τεχνιτάν
570 3362 612 3433 εἰς
635 3354 688 3432 τάς
710 3361 873 3446 χοριτείας.
914 3357 951 3423 Οί
969 3357 1042 3446 ίεροί
1056 3356 1286 3447 προγραφόντω

231 3459 295 3528 κατ’
322 3460 456 3528 ἐνιαυτὸν
479 3460 547 3535 τοῦς
568 3459 835 3549 λειτουργησοντας
857 3463 890 3526 ἔν
911 3459 916 3548 Ι
935 3486 967 3525 τε
989 3464 1055 3535 ταῖς
1077 3463 1201 3536 θυσίαις
1223 3466 1284 3531 καί

232 3568 404 3651 μυστηρίοις
439 3562 570 3651 αὑλητάς
603 3564 655 3630 καί
688 3562 880 3651 κιθαριστάς,
914 3557 1004 3638 ὑσους
1031 3591 1072 3630 κα
1100 3560 1287 3649 εὑρίσκοντο

231 3665 373 3742 εὐθέτους
398 3666 601 3757 ὑπάρχοντας,
632 3667 684 3734 καί
713 3671 740 3733 οἱ
768 3671 988 3757 προγραφέντες
1011 3664 1247 3754 λειτουργοῦντω
1276 3676 1281 3759 Ι

232 3775 293 3844 τοῖς
316 3774 411 3845 θεοῖς.

229 3905 232 3910 ·
321 3871 536 3961 Ἀδικημάτων.
574 3868 628 3940 Ἂν
654 3877 687 3942 δέ
709 3901 753 3949 τις
776 3879 806 3942 ἐν
829 3879 895 3948 ταῖς
918 3871 1054 3961 ἁμέραις,
1082 3878 1113 3940 έν
1130 3872 1177 3947 αῖς
1194 3875 1283 3945 αἵτε

229 3981 334 4045 θυσίαι
361 3979 413 4045 καί
440 3977 477 4045 τά
507 3976 655 4066 μυστήρια
683 3982 828 4065 γίνονται,
860 3977 926 4066 άλῷ
955 3979 1015 4045 εἴτε
1042 3974 1189 4066 κεκλεβιὺς
1213 3979 1282 4050 εἴτε

231 4076 305 4148 ἀλλο
327 4109 356 4148 τι
379 4080 522 4168 ἀδίκηΙμα
544 4079 724 4168 πεποιηκώς,
752 4080 874 4169 ἀγέσθω
898 4081 946 4148 ἐπὶ
961 4080 1030 4156 τοῦς
1047 4076 1154 4169 ίεροάς,
1179 4081 1236 4147 καί
1261 4082 1280 4152 ὃ

230 4186 282 4273 μέν
306 4182 475 4272 ἐλεύθερος,
503 4180 538 4251 ἀν
561 4188 749 4272 κατακριθεῖ,
777 4183 941 4252 ἀποτινέτω
958 4189 1090 4267 διπλοῦν,
1118 4179 1184 4249 ἱδὲ
1202 4188 1282 4254 δοῦ-

230 4293 281 4362 λος
305 4285 518 4376 μαστιγούσθω
540 4288 593 4354 καί
617 4285 803 4354 ἀποτεισάτω
827 4291 958 4375 διΙπλοῦν
986 4286 1019 4353 τὸ
1047 4290 1184 4373 κλέμμα·
1216 4293 1280 4358 τῶν

231 4392 264 4458 δὲ
288 4385 388 4458 ἀλλων
413 4388 606 4478 ἀδικημάτων
631 4395 777 4477 ἐπιτίμιον
801 4389 939 4480 δραχμὰς
962 4390 1072 4457 εἴκοσι·
1112 4383 1148 4455 άν
1173 4389 1208 4455 δὲ
1233 4391 1279 4482 μὴ
