2992 5046
204 269 266 331 352
612 264 741 314 Addenda
758 267 785 314 ct
803 263 973 327 corrigenda.

309 473 528 554 neglegentiae
544 471 754 552 lapicidarum
769 471 879 550 tribui,
899 471 932 530 in
947 489 985 532 ea
1000 471 1158 532 sententia
1174 480 1265 532 aucto
1281 490 1397 532 exem-

311 577 436 656 plorum
465 593 598 635 numero
626 592 659 635 se
688 591 757 634 non.
780 573 978 652 permanisse
1016 573 1085 652 ipse
1116 593 1166 635 me
1194 592 1253 652 per
1282 573 1397 635 literas

310 679 444 740 monuit.

207 833 1396 843 -—-———--—————————-——-—-—-——-———-—-————————————-—

205 935 274 1001 258
314 940 441 1015 Vereor,
460 946 496 997 ut
511 945 596 996 recte
611 935 776 996 Roehlium
801 944 931 997 secutus
954 954 985 997 v.
1007 936 1018 994 4
1041 954 1090 1015 sq.
1109 928 1287 1018 Edlfooiorc
1310 935 1396 996 scri-

311 1039 429 1120 pserim
452 1058 509 1118 pro
533 1058 580 1117 eo,
607 1036 693 1118 quod
723 1037 860 1099 hahebat
882 1038 1014 1116 Boeckh,
1038 1030 1235 1122 'Erlioolota
1282 1038 1330 1101 (ll.
1356 1057 1393 1100 n.

312 1141 372 1202 470
392 1164 422 1203 α.

206 1395 284 1463 267.
301 1394 368 1462 268
397 1400 529 1459 Decreta
552 1407 628 1460 sunt
651 1397 787 1460 civitatis
810 1416 873 1458 non
889 1398 1073 1459 Oleniorum
1097 1397 1154 1460 sed
1168 1399 1392 1481 Dymaeorum,

314 1502 365 1563 cui
395 1502 451 1563 hos
480 1501 591 1563 titulos
612 1509 698 1562 recte
728 1500 874 1562 attribuit
896 1501 981 1563 Fick.
1028 1503 1106 1562 Nam
1129 1521 1165 1564 ea
1189 1510 1300 1581 aetate,
1329 1523 1397 1584 qua

312 1603 424 1666 foedus
445 1602 641 1666 Achaeorum
665 1602 826 1664 conditum
849 1613 898 1664 est
924 1604 962 1685 (a.
992 1605 1052 1664 280
1085 1623 1114 1664 a.
1140 1602 1240 1686 chr),
1267 1606 1394 1668 Olenus

311 1705 465 1787 oppidum
486 1705 548 1766 iam
571 1706 732 1768 desertum
755 1714 832 1781 erat,
858 1704 926 1786 agri
948 1706 1133 1768 Oleniorum
1156 1705 1189 1766 in
1211 1709 1396 1787 possessio-

310 1829 383 1870 nem
410 1810 619 1889 Dymaeorum
651 1817 828 1884 cesserant3
860 1808 899 1869 cl.
927 1808 1034 1889 Polyb.
1060 1810 1086 1869 ll
1111 1811 1162 1870 44.
1200 1810 1305 1872 Strah.
1324 1812 1395 1873 Vlll

309 1933 342 1992 p.
368 1913 442 1971 386.

204 2166 271 2234 tlt
310 2172 344 2231 ln
367 2152 568 2232 adnotatione
584 2168 625 2230 ad
646 2187 678 2229 v.
698 2170 715 2228 4
741 2168 797 2248 qui
813 2167 962 2229 laudatur
977 2169 1092 2231 titulus
1107 2172 1226 2251 Tegeae
1241 2180 1395 2250 repertus

311 2275 351 2334 Le
373 2274 443 2348 Bas,
468 2272 544 2351 Voy.
568 2271 652 2332 arch.
676 2271 703 2331 ll
724 2290 756 2331 n.
776 2272 836 2330 340
855 2291 875 2332 α
901 2280 949 2332 est
971 2272 1004 2332 in
1026 2273 1084 2334 hoc
1107 2273 1233 2335 delectu
1255 2292 1288 2332 n.
1313 2275 1389 2335 444.

309 2378 391 2437 Eum
412 2375 473 2438 suh
495 2374 706 2437 dominatione
725 2371 921 2435 Achaeorum
941 2375 1094 2455 scriptum
1118 2394 1189 2437 esse
1212 2394 1310 2456 supra
1326 2395 1394 2439 non

310 2489 394 2540 recte
418 2478 599 2557 suspicatus
623 2496 705 2539 sum.

203 2750 271 2818 289
309 2752 456 2816 Addendi
486 2761 561 2815 sunt
590 2751 675 2813 tituli
709 2752 919 2832 sepulcrales
957 2772 1037 2832 quos
1071 2752 1172 2815 edidit
1204 2706 1392 2834 Llrrsonuw,

311 2855 433 2918 Mitteil.
452 2855 537 2917 arch.
556 2857 633 2917 lust.
647 2856 700 2917 Vll
721 2852 826 2936 [tusa]
845 2876 878 2935 p.
898 2857 974 2915 36οε

310 3030 328 3088 8
349 3021 413 3089 Ἐπ’
438 3020 565 3110 Ἀγεσίδι
587 3027 640 3087 vel
660 3020 823 3110 (ithacesia.
848 3062 891 3073 —
914 3027 936 3088 l.
955 3027 976 3088 l.
995 3046 1027 3088 n.
1048 3029 1098 3088 43.
1125 3028 1227 3090 Litera
1250 2986 1407 3093 correcta*

408 3139 457 3192 est
480 3127 522 3192 Δ.

310 3287 328 3344 9
353 3280 507 3367 Θιαγένια.
532 3318 575 3328 -
597 3284 620 3344 l.
639 3284 661 3344 l.
680 3302 713 3345 n.
733 3283 784 3345 lt.

290 3457 327 3516 40
353 3449 559 3540 Πολυκράτης.
585 3491 628 3500 -
651 3456 672 3515 l.
691 3456 714 3515 l.
732 3474 764 3515 n.
786 3457 836 3516 lh.
873 3456 1048 3517 Literatura
1071 3464 1120 3518 est
1143 3464 1269 3518 vetusta
1290 3457 1395 3519 Boeo-

407 3569 521 3637 torum,
548 3558 604 3621 sed
627 3577 642 3619 e
669 3558 763 3639 longa
793 3576 853 3637 per
882 3554 908 3616 Η
937 3559 1065 3638 scripta.
1113 3559 1190 3621 lnde
1218 3576 1295 3620 cave
1324 3560 1393 3621 col-

407 3662 487 3742 ligas
517 3660 613 3723 huius
642 3660 760 3722 vocalis
791 3679 904 3722 sonum
932 3659 1018 3740 apud
1040 3663 1171 3723 Boeotos
1197 3662 1293 3740 paulo
1316 3672 1392 3725 ante

406 3773 567 3845 receptam
582 3762 778 3826 literaturam
795 3763 931 3824 lonicam
947 3782 1008 3825 non
1025 3766 1055 3825 ei
1067 3763 1167 3827 fuisse
1184 3762 1241 3825 sed
1258 3769 1288 3842 ἑ;
1316 3783 1392 3827 num

407 3867 534 3929 obstant
557 3866 736 3946 complures
759 3866 844 3927 tituli
868 3866 1039 3946 ampliores
1059 3865 1101 3948 (n.
1123 3867 1198 3929 350.
1217 3866 1292 3927 353.
1311 3866 1387 3950 29⁴)

407 3990 444 4032 ea
471 3979 574 4032 aetate
603 3969 730 4049 scripti,
757 3989 820 4049 qua
848 3987 928 4031 usus
951 3969 1115 4031 literarum
1138 3969 1315 4031 Ionicarum
1339 3970 1394 4032 in-

407 4073 644 4147 crebrescehat,
678 4071 711 4131 in
742 4071 861 4151 quihus
888 4090 904 4132 e
931 4072 1025 4152 longa
1052 4082 1107 4134 aut
1130 4066 1153 4130 Ε
1178 4080 1227 4134 est
1256 4082 1313 4134 aut
1335 4068 1390 4138 ΕΙ.

407 4175 582 4236 Latischew
615 4183 707 4255 putat
742 4176 934 4255 Polycratem
972 4175 1094 4256 origine
1127 4176 1234 4236 Ionem
1268 4174 1388 4256 fuiss03

407 4288 491 4338 certe
514 4296 577 4338 non
600 4280 733 4340 Boeotus
756 4277 856 4340 fuisse
879 4276 1017 4340 videtur.

1021 4451 1394 4463 ——----——-
