2932 5040
552 283 684 334 Addenda
703 286 729 334 et
746 285 915 348 corrigenda.
1262 284 1320 347 351

141 483 208 552 104
248 490 416 550 Decretum
438 480 735 571 'Aegosthenitarum
761 500 834 570 post
862 511 892 554 a.
917 492 978 553 200
1003 491 1120 554 factum
1143 510 1225 577 esse,
1252 510 1324 553 cum

244 594 370 673 Megara
392 590 497 653 denuo
520 611 592 654 cum
615 592 743 655 foedere
758 591 892 655 Achaico
913 593 1081 656 coniuncta
1096 603 1215 672 essent,
1234 601 1326 674 putat

245 694 339 774 Weil,
359 695 509 756 Zeitschr.
527 694 548 755 f.
564 697 655 756 Num.
672 697 714 756 IX
732 694 836 776 (4882)
851 717 885 778 p.
903 697 983 772 205;
1009 717 1083 759 nam
1105 715 1223 759 munus
1245 696 1325 758 sori·

244 797 304 859 bae
326 795 464 859 foederis
487 799 582 858 etiam
612 816 649 859 ea
675 806 788 878 aetate,
815 818 880 880 qua
902 808 1043 880 potestas
1066 800 1136 861 eius
1159 797 1325 860 deminuta

245 908 339 980 esset,
365 919 556 981 eponymum
579 899 744 963 mansisse.

140 1169 208 1237 114
246 1172 315 1234 Noli
343 1172 382 1237 de
411 1173 511 1258 φαῐμα
541 1175 690 1255 cogitare.
738 1175 846 1236 Cretes
874 1175 1097 1256 antiquissima
1119 1183 1221 1237 aetate
1244 1197 1277 1259 φ,
1302 1195 1324 1258 χ

246 1285 279 1337 et
299 1298 330 1357 π,
356 1298 375 1337 κ
396 1275 430 1336 in
453 1276 621 1339 scribendo
644 1295 707 1338 non
729 1276 915 1339 distinxisse
938 1276 1052 1339 docent
1074 1296 1107 1339 n.
1135 1278 1207 1338 lta.
1227 1278 1298 1338 ll3.

141 1530 206 1599 lli
248 1535 284 1596 ln
305 1533 506 1596 adnotatione
529 1532 569 1595 ad
590 1553 622 1596 ν.
643 1536 661 1595 5
683 1535 754 1616 lege
775 1528 957 1618 κορμιόντων
980 1554 1039 1617 pro
1062 1535 1256 1619 κορμίοντων.

141 1804 805 1888 mmmwwmma

140 2081 246 2151 203«
282 2082 369 2146 Basis
391 2082 557 2145 marmoris
578 2084 659 2146 Parii
681 2085 812 2166 Delphis
835 2094 971 2165 reperta.

370 2250 425 2318 Tot
446 2251 604 2339 Χαροπίνο
626 2257 731 2327 παῖδες
754 2249 901 2320 ἀνέθεσαν
923 2260 956 2320 ri
980 2254 1089 2341 Παρίο.

139 2430 370 2504 Haemonium,
396 2429 479 2490 Bull.
503 2429 589 2490 Corr.
615 2427 694 2488 Hell.
712 2430 751 2490 Vl
777 2427 880 2511 (l882)
906 2449 940 2510 p.
963 2429 1024 2490 tlt
1048 2448 1081 2490 n.
1108 2427 1159 2491 75.
1205 2430 1321 2509 Rarus,
1406 2395 1409 2400 ”

140 2533 236 2612 lmag.
255 2532 351 2594 inscr.
371 2532 424 2593 Gr.
443 2539 542 2612 antiq.
561 2531 682 2611 XXXll,
702 2533 720 2593 2
737 2531 821 2594 inter
836 2531 947 2594 titulos
961 2530 1102 2594 locorum
1118 2533 1323 2594 incertorum.

139 2671 183 2682 —
211 2634 454 2715 Inscriptionem
480 2634 603 2696 Pariam
630 2652 693 2695 nou
724 2653 794 2697 esse
817 2643 965 2716 apparet;
997 2633 1127 2696 videtur
1149 2655 1167 2698 a
1189 2633 1324 2715 lapicida

140 2737 291 2817 Delphico
314 2736 481 2816 insculpta
497 2755 579 2798 esse.
618 2736 696 2798 Gen.
722 2738 805 2818 sing.
830 2747 939 2800 utrum
962 2738 995 2799 in
1016 2756 1122 2799 -can
1144 2761 1199 2800 -co
1221 2747 1323 2818 exeat,
1424 2752 1428 2759 ·

139 2839 296 2902 incertum
318 2847 377 2901 est.

142 3121 162 3160 α
178 3094 243 3162 221
282 3097 408 3160 Nummi
430 3098 636 3159 Phocensium
658 3096 691 3158 in
714 3117 825 3159 museo
845 3097 1050 3160 Berolinensi.

635 3262 829 3353 Ὀνόμαρχος.

141 3443 376 3519 annnmrmnn,
396 3439 545 3502 Zeitschr.
565 3440 587 3501 f.
605 3442 696 3501 Num.
713 3442 753 3500 Xl
774 3440 878 3522 (1883)
898 3460 931 3521 p.
949 3442 1001 3501 45.
1031 3442 1102 3502 Dux
1116 3441 1195 3503 belli
1211 3441 1291 3504 sacri
1308 3461 1326 3503 a

141 3542 351 3625 scriptoribus
373 3543 500 3606 Graecis
523 3535 707 3627 Ὀνόμαρχος
730 3541 921 3623 appellatur.

143 3814 210 3882 252
248 3820 375 3882 Rectius
390 3821 522 3900 Bonum,
542 3820 648 3880 Herm.
669 3819 707 3878 48
728 3816 831 3899 (1883)
852 3838 884 3897 p.
904 3816 982 3877 467:
1004 3810 1134 3900 Ἐρουτᾷ
1158 3812 1322 3898 Κλεούτας,

249 3931 286 3985 ut
308 3922 386 3985 haec
408 3921 470 3984 duo
494 3922 591 3984 verba
615 3923 679 3984 sint
702 3921 828 3985 dialecti
851 3921 1058 4000 Thessalicae,
1084 3922 1116 3982 in
1134 3941 1229 4002 quam
1246 3941 1327 4004 qua-

249 4024 320 4086 drat
342 4025 436 4087 etiam
464 4022 520 4109 πέρ
551 4024 756 4105 praepositio,
783 4032 815 4085 et
836 4024 932 4103 paulo
955 4021 1037 4084 infra
1060 4023 1189 4104 scripsit
1210 4015 1321 4087 ἔναιον.

142 4294 209 4363 203
244 4298 335 4371 Quod
358 4298 425 4360 diui
448 4298 547 4361 dativi
564 4299 646 4379 sing.
664 4300 691 4360 ll
713 4298 794 4364 decl.
814 4299 930 4361 formas
945 4298 978 4359 in
995 4321 1044 4362 -οι
1059 4308 1223 4377 exeuntes,
1244 4318 1326 4379 quae

250 4402 282 4462 in
306 4402 384 4465 actis
407 4401 691 4465 manumissionum
714 4400 937 4515 Delphicarum
959 4412 1095 4481 exstent,
1122 4422 1139 4465 a
1163 4403 1198 4463 G.
1218 4401 1325 4464 Curtio
