2932 5040
135 274 199 338 350
543 274 676 325 Addenda
693 277 721 324 et
737 275 909 338 corrigenda.

224 491 256 545 et
275 481 341 543 llic.
359 483 508 563 Wagner,
535 480 721 554 Quaestion.
745 480 786 543 de
808 483 1003 563 epigramm.
1030 485 1155 546 Graec.
1182 504 1226 546 ex
1247 485 1336 565 lapid.

223 585 296 646 coll.
322 593 485 665 grammat.
511 584 646 666 (Lipsiae
670 584 763 664 4883)
786 604 819 664 p.
838 585 881 646 97
903 605 956 667 sq.
1004 586 1079 649 Sed
1101 582 1164 658 ιὰς
1189 582 1338 672 σηρατόριν

223 687 425 768 probabilius
447 687 587 749 videtur.
610 721 654 732 —
678 687 716 747 45
740 681 829 750 idco:
855 687 932 750 vide
956 689 1044 751 intra
1068 691 1116 753 ad
1136 710 1176 752 n.
1194 691 1251 753 37.

137 923 182 992 37
224 946 275 989 vs.
293 929 312 989 2
329 947 379 1009 sq.
403 922 459 998 νὰς
481 922 660 1013 σηρατόριντ
686 928 760 990 vide
783 948 866 1008 quae
888 928 984 991 modo
1007 931 1084 993 dixi
1107 931 1155 994 ad
1178 952 1214 993 n.
1232 934 1284 994 30.
1299 966 1334 977 -

224 1031 242 1090 3
260 1049 310 1111 sq.
328 1031 421 1110 λῶαν,
441 1030 527 1112 quod
543 1030 672 1111 scripsit
692 1033 833 1108 Foucart,
858 1040 1027 1112 tamquam
1051 1044 1187 1096 certum
1210 1037 1333 1116 sumpsit

223 1135 371 1212 Raurica,
389 1132 501 1194 Rhein.
518 1136 598 1195 llus.
617 1134 656 1193 38
674 1131 780 1214 (4883)
800 1154 833 1214 p.
851 1135 914 1195 296
937 1144 973 1197 et
994 1146 1095 1215 putat
1117 1138 1167 1199 ita
1191 1140 1331 1219 scriptun

224 1255 296 1298 esse
317 1254 375 1316 pro
398 1236 505 1316 λαῦαν,
531 1236 553 1297 i.
571 1255 601 1297 e.
618 1237 706 1316 λᾶαν,
732 1246 768 1299 ut
790 1235 889 1298 ludus
910 1236 993 1299 disci
1016 1240 1240 1319 significetur.
1277 1242 1328 1304 Sed

224 1337 352 1399 insolita
362 1347 450 1401 esset
459 1338 630 1401 verborum
642 1339 847 1402 constructio:
864 1333 1045 1422 νικήσαντες
1057 1339 1325 1428 καταθηρατόριον,

226 1442 340 1523 μοῦσαν
355 1438 408 1503 καὶ
422 1441 511 1504 λᾶαν.
543 1443 653 1523 ltaque
677 1443 777 1504 satius
799 1452 849 1505 est
871 1445 958 1525 μῶαν
980 1442 1036 1506 καὶ
1060 1447 1149 1508 leat
1174 1447 1241 1526 (vel
1254 1441 1324 1523 lo'cs,

225 1562 299 1605 nam
320 1545 380 1606 hoc
401 1546 558 1606 incertum
580 1543 637 1626 est)
664 1564 737 1606 cum
759 1546 974 1626 sequentibus
996 1549 1216 1630 coniungere,
1240 1551 1323 1627 utel,

226 1649 282 1727 qui
307 1646 435 1709 titulum
450 1657 638 1728 posuerunt,
656 1648 773 1709 Dianae
788 1654 822 1708 et
835 1647 894 1709 hoc
908 1661 1164 1713 mouumentum
1178 1653 1324 1734 lapideum

225 1759 257 1812 et
286 1769 414 1812 carmen
444 1750 576 1832 aliquod
605 1768 639 1811 se
665 1748 865 1811 dedicavisse
893 1749 1014 1812 dicant.
1039 1788 1089 1797 —
1111 1754 1132 1815 7
1156 1778 1217 1839 φνε
1241 1757 1323 1817 latere

225 1854 351 1915 initium
385 1853 614 1916 vocabulorum
648 1851 870 1938 palloxolcopog
905 1850 958 1916 καὶ
988 1851 1227 1942 φιλοπάτριδος]
1256 1860 1323 1921 benc

226 1956 362 2018 coniecit
381 1957 531 2019 Baunack
552 1956 575 2017 l.
594 1956 616 2016 l.
643 1958 717 2018 294.

140 2177 187 2248 00
222 2183 305 2262 Lege
328 2180 498 2242 »zeitschr
517 2180 542 2242 4.
559 2181 670 2242 Num«

138 2403 187 2474 40
228 2407 264 2467 ln
292 2404 493 2469 adnotatione
515 2403 610 2482 adv.
637 2405 698 2466 452
722 2405 778 2485 qui
807 2403 980 2466 laudantur
1003 2407 1094 2469 tituli
1117 2409 1200 2473 lGA.
1228 2412 1282 2471 413
1299 2409 1321 2470 b.

229 2507 302 2574 417,
322 2510 383 2570 448
407 2517 484 2572 suut
505 2508 539 2569 in
562 2507 620 2570 hoc
642 2506 770 2570 delectu
791 2527 823 2569 n.
842 2507 917 2569 255.
936 2508 1012 2569 256.
1031 2511 1112 2571 260.

140 2758 162 2799 α
177 2731 223 2800 48
258 2732 348 2796 Basia
377 2751 475 2795 aenea
505 2750 547 2792 ex
567 2729 684 2811 oppido
705 2731 841 2813 Nauplia
864 2731 897 2792 in
919 2751 1071 2795 museum
1093 2736 1224 2816 regium
1244 2739 1324 2799 Bero

258 2837 384 2898 linense
405 2834 520 2898 delata.

432 2985 492 3052 Τόν
515 2984 677 3073 Ῐανάφον·
701 2984 747 3051 τοὶ
771 2982 896 3072 Νιράχα
919 2981 1039 3051 alvide.

141 3151 309 3226 latratum,
333 3143 425 3208 Arch.
446 3141 703 3224 2014008821
725 3164 759 3224 p.
778 3144 838 3205 383
856 3135 929 3224 sqq.
968 3143 1096 3207 Literae
1120 3167 1140 3210 a
1163 3147 1272 3211 dextra
1290 3145 1322 3210 ad

141 3251 305 3316 sinistram
328 3256 482 3330 spectant.
497 3283 541 3294 —
556 3245 797 3326 Inscriptionem
819 3255 905 3307 rotae
927 3265 1046 3308 aeneae
1062 3248 1191 3312 Castori
1214 3261 1245 3313 et
1264 3251 1323 3312 Pol·

141 3353 206 3418 luci
229 3352 394 3417 dedicatae
417 3349 511 3432 Argis
532 3357 677 3430 repertae
700 3347 800 3411 edidit
820 3347 1070 3411 mentiente
1091 3372 1124 3413 a.

141 3575 186 3646 81
224 3576 326 3656 Adde,
351 3574 439 3658 quod
460 3593 524 3637 non
546 3573 690 3636 consulto
712 3573 822 3634 omisi:

437 3729 476 3792 20
498 3716 770 3812 (tot)”Efda[10;],
789 3727 811 3787 ἰ.
831 3746 859 3789 e.
877 3715 1021 3796 Εὔθετος.

142 3888 191 3953 Gi,
218 3885 420 3967 chcaarloo
444 3906 475 3949 n.
495 3886 556 3947 229
573 3885 610 3965 B,
632 3883 669 3943 45
694 3892 726 3945 et
747 3882 847 3957 Blass‚
872 3879 1006 3961 Ansspr.
1026 3883 1079 3943 ot.

140 4112 188 4182 titt
230 4113 263 4175 ln
287 4111 489 4176 adnotatione
512 4127 570 4189 pro
592 4101 710 4171 Σεκυών
733 4107 804 4188 lege
819 4098 969 4188 Σε4κυών).
999 4105 1142 4169 lliounet
1164 4107 1272 4189 Suppl.
1288 4105 1319 4165 lll

230 4236 261 4299 p.
283 4217 337 4278 104
366 4214 462 4276 habet
485 4213 568 4275 inter
587 4230 735 4273 nummos
758 4211 922 4290 Sicyonios
944 4227 977 4268 n.
997 4208 1080 4270 4054
1099 4207 1172 4289 ΣΕ,
1199 4231 1230 4273 n.
1250 4207 1317 4271 4055

229 4315 305 4382 ΣΡ.
354 4319 388 4380 ln
410 4315 483 4379 aliis
506 4315 593 4397 apud
616 4314 753 4377 eundem
775 4314 798 4374 l.
823 4313 844 4374 l.
870 4321 919 4374 ost
941 4306 999 4372 ΣΙ.
